1527 2538
189 75 257 107 §Dae
280 73 327 104 II.
352 72 429 108 Qud>
453 70 711 108 “Paralipomenon.
726 67 773 105 10,
789 65 898 97 2-19.
911 65 998 96 Uimi.
1013 63 1102 95 1-3.
1283 61 1344 90 305

0 174 109 207 letur?
146 172 201 204 vel
239 169 441 213 respondere
479 167 564 210 quid
596 165 701 198 debeo
732 163 859 206 populo
890 161 982 200 111110,
1020 160 1080 203 qui
1112 159 1203 191 dixit
1235 158 1338 190 mihi:

1 218 100 251 bleva
112 217 234 259 jugum
254 214 345 257 quod
363 211 528 255 imposuit
548 209 646 242 nobis
673 212 768 251 pater
792 207 894 239 tuus?
941 206 991 237 10,
1015 205 1061 236 At
1086 203 1137 235 illi
1166 202 1346 244 responde—

0 265 34 294 nt
59 265 98 293 ut
120 261 274 302 juvenes,
305 262 338 290 et
369 255 492 288 nutriti
520 265 598 286 cum
630 264 668 285 eo
699 253 736 284 in
769 250 909 289 deliciis,
941 252 1043 290 atque
1074 247 1253 279 dixerunt:
1289 246 1345 277 Sic

0 305 102 349 {ueris
129 302 266 346 populo,
293 301 353 344 qui
382 299 472 332 dixit
498 298 577 330 tibi:
602 297 701 329 Pater
721 300 801 327 tuus
818 292 1158 336 aggravavitjugum
1176 294 1343 327 nostrum,

18 348 173 381 subleva:
198 350 230 378 et
256 346 303 377 sic
330 342 549 386 respondebis
576 341 621 373 ei:
647 339 814 371 Minimus
842 337 971 378 digitus
1000 346 1095 367 meus
1122 334 1267 376 grossior
1297 337 1345 364 est

0 392 82 425 mbis
98 390 203 434 patris
220 389 296 421 mei.
344 389 393 420 11.
418 387 518 418 Pater
541 395 637 417 meus
653 382 818 425 imposuit
834 381 930 413 vobis
947 390 1050 422 grave
1062 379 1198 420 jugum,
1225 380 1256 409 et
1283 387 1343 418 ego

0 437 66 479 ijus
95 434 230 477 pondus
262 441 448 474 apponam:
488 433 583 469 pater
614 438 710 459 meus
741 425 863 458 cecidit
894 435 953 456 vos
985 422 1138 464 flagellis,
1170 432 1231 462 ego
1262 431 1342 452 vero

0 480 92 513 edam
111 489 170 511 vos
186 475 429 518 scorpionibus.
469 473 519 505 12.
544 472 648 504 Venit
665 481 725 513 ego
742 469 933 506 Jeroboam,
950 470 982 499 et
998 467 1178 498 universus
1195 464 1344 506 populus

13 522 167 555 Roboam
185 521 239 552 die
256 519 365 557 tertio,
381 518 468 550 sicut
484 518 699 559 praeceperat
716 514 771 546 eis.
819 513 869 544 13.
894 510 1152 553 Responditque
1170 520 1228 540 rex
1247 508 1345 544 dura,

0 566 113 600 relicto
130 564 271 597 consilio
297 563 485 595 seniorum:
533 561 583 592 14.
607 559 808 599 locutusque
824 560 872 588 est
884 554 1169 597 juxtajuvenum
1187 551 1345 584 volunta·

0 622 37 643 n:
61 610 161 642 Pater
177 619 272 640 meus
289 617 393 647 grave
410 605 506 637 vobis
523 602 838 645 imposuitjugum,
859 599 950 641 quod
968 608 1029 640 ego
1045 596 1186 639 gravius
1204 595 1343 627 faciam:

0 657 50 687 ter
77 663 173 685 meus
204 651 326 684 cecidit
356 660 415 681 vos
447 647 600 690 flagellis,
632 657 693 688 ego
724 655 803 677 vero
835 643 972 675 caedam
1007 652 1065 673 vos
1096 638 1344 681 scorpionibus.

0 724 7 731 .
41 697 85 729 Et
114 707 184 728 non
216 693 389 737 acquievit
417 691 534 735 populi
568 690 736 733 precibus:
772 690 843 720 erat
874 687 965 718 enim
999 684 1188 718 voluntatis
1217 682 1278 714 Dei
1308 686 1346 713 ut

0 741 181 784 mpleretur
212 749 321 771 sermo
353 735 450 778 ejus,²
488 745 591 778 quem
630 734 764 766 locutus
802 732 912 763 fuerat
950 740 1009 772 per
1047 738 1192 760 manum
1232 726 1344 758 Aliiae

0 785 109 818 lonitis
126 783 169 816 ad
185 781 365 815 Jeroboam
384 780 494 812 filium
513 778 634 810 Nabat.
682 777 731 808 16.
757 775 908 817 Populus
936 776 1050 805 autem
1069 771 1251 804 universus
1269 780 1345 810 rege

0 829 95 862 iriora
110 827 252 865 dicente,
279 826 327 857 sic
354 824 487 856 locutus
514 826 562 854 est
588 821 633 853 ad
659 831 753 852 eum:
779 819 855 851 Non
884 821 932 850 est
957 816 1055 848 nobis
1072 826 1149 858 pars
1167 814 1203 846 in
1222 813 1345 851 David,

2 883 67 916 que
83 870 254 903 hereditas
282 870 318 901 111
346 868 417 900 filio
446 867 522 898 Isai.
569 865 749 897 Revertere
778 863 814 894 in
842 859 1064 894 tabernacula
1091 862 1151 890 tua
1175 857 1291 896 Israel,
1308 861 1345 888 tu

0 920 71 949 ,tem
88 925 185 958 pasce
213 914 355 945 domum
384 915 480 943 tuam
509 909 632 941 David.
678 908 722 939 Et
747 906 833 939 abiit
859 904 962 937 Israel
980 904 1017 936 in
1034 901 1258 935 tabernacula
1274 911 1344 932 sua.

3 986 9 993 .
45 960 154 1001 Super
185 957 272 989 filios
303 962 417 988 autem
450 953 564 992 Israel,
602 951 662 994 qui
703 950 908 982 habitabant
938 949 974 980 in
1014 945 1212 979 civitatibus
1243 944 1344 982 Juda,

0 1003 114 1046 gnavit
142 1001 307 1033 Roboam.
354 1000 403 1031 18.
428 998 590 1039 Misitque
622 1007 681 1028 rex
714 994 867 1026 Roboam
900 992 1067 1029 Aduram,
1098 990 1158 1032 qui
1192 992 1346 1031 praeerat

0 1047 104 1086 butis,
131 1049 164 1078 et
190 1044 433 1087 lapidaverunt
459 1052 538 1074 eum
565 1040 628 1072 filii
660 1038 775 1077 Israel,
806 1041 837 1069 et
870 1039 1025 1068 mortuus
1056 1037 1120 1066 est:
1155 1043 1254 1075 porro
1286 1042 1344 1063 rex

0 1091 112 1124 >boam
130 1099 269 1122 currum
287 1086 461 1119 festinavit
478 1084 667 1123 ascendere,
692 1086 723 1114 et
748 1081 837 1123 fugit
853 1081 889 1112 in
907 1078 1107 1112 Jerusalem.
1153 1077 1203 1109 19.
1229 1076 1347 1108 Reces—

0 1145 70 1178 zque
86 1133 191 1166 Israel
207 1143 228 1164 a
244 1132 345 1164 domo
362 1128 505 1169 David,³
528 1138 636 1170 usque
652 1127 696 1159 ad
714 1125 805 1158 dien]
823 1125 922 1156 hanc.

0 1221 28 1256 1)
48 1221 66 1255 f.
87 1220 121 1248 B.
148 1223 171 1248 1.
194 1220 246 1247 unb
269 1218 382 1250 1.-ἷςη1
405 1216 484 1249 ⁴bebi.
507 1216 554 1242 mit
575 1216 630 1241 bem
653 1214 762 1247 Qeisnse
777 1216 844 1244 „ciuss
867 1210 1023 1244 Qleqnntcnl‘
1052 1207 1109 1236 III.
1131 1207 1200 1241 Reg.
1218 1209 1258 1239 12,
1273 1209 1296 1233 2.
1313 1221 1346 1224 —

18 1256 49 1286 cf.
70 1255 127 1284 ΙΙΙ.
143 1255 213 1289 Reg.
231 1257 271 1287 11,
287 1256 381 1282 29-39.
397 1268 431 1272 —-
445 1251 481 1284 3)
503 1251 521 1283 s.
535 1249 591 1278 ΠΙ.
609 1249 677 1283 Reg.
697 1251 737 1281 12,
755 1251 786 1275 16
806 1251 852 1274 ben
866 1246 963 1280 gusua.

537 1417 664 1468 Caput
699 1415 770 1453 XI.

7 1519 37 1552 ’1.
74 1521 179 1555 Venit
210 1523 324 1553 aut-em
356 1518 510 1551 Roboam
543 1517 579 1548 in
610 1514 810 1552 Jerusalem,
848 1515 881 1545 et
917 1509 1120 1544 convocavit
1150 1508 1348 1541 universam

3 1573 106 1597 imum
133 1565 225 1597 Juda
251 1568 284 1596 et
311 1562 504 1604 Benjamin,
532 1563 670 1593 centum
697 1558 870 1600 octoginta
895 1555 1006 1587 millia
1031 1554 1216 1586 electorum
1246 1556 1348 1594 atque

4 1607 178 1648 llantium,
209 1612 242 1640 et
268 1607 446 1639 dimicaret
471 1607 588 1637 contra
614 1602 727 1639 Israel,
755 1605 786 1633 et
813 1601 1022 1632 converteret
1052 1597 1095 1629 ad
1132 1608 1165 1628 se
1203 1605 1349 1637 regnum

4 1661 75 1685 11111.
120 1653 148 1685 2.
187 1652 379 1693 Factusque
410 1653 457 1682 est
487 1658 596 1680 sermo
628 1645 767 1678 Domini
807 1644 850 1676 ad
867 1643 1035 1675 Semeiain
1067 1640 1243 1672 hominem
1279 1638 1351 1676 Dei,

8 1705 95 1728 cens:
142 1697 170 1728 3.
195 1696 348 1737 Loquere
374 1693 418 1726 ad
447 1692 600 1724 Roboam
629 1690 741 1722 filium
769 1687 961 1721 Salomonis
988 1695 1101 1727 regem
1119 1683 1221 1721 Juda,
1248 1686 1281 1714 et
1308 1682 1350 1713 ad

6 1739 166 1772 iiversum
185 1739 299 1778 Israel,
316 1737 375 1780 qui
393 1740 441 1769 est
458 1737 494 1768 in
511 1735 603 1768 Juda
619 1738 651 1766 et
667 1732 865 1775 Benjamin:
900 1731 928 1762 4.
954 1730 1049 1761 Haec
1065 1728 1149 1760 dicit
1166 1727 1351 1759 Dominus:

8 1793 49 1815 on
78 1783 273 1822 ascendetis,
311 1792 422 1823 neque
454 1778 652 1822 pugnabitis
683 1780 801 1809 contra
831 1776 949 1806 fratres
981 1776 1123 1805 vestros:
1162 1773 1353 1802 revertatur

7 1827 207 1870 ausquisque
223 1827 260 1858 in
277 1826 419 1857 domum
436 1834 544 1861 suam,
567 1822 650 1864 quia
666 1831 743 1853 mea
758 1820 823 1851 1100
838 1822 971 1861 gestum
988 1820 1037 1849 est
1053 1815 1239 1848 voluntate.
1285 1813 1352 1851 Qui

8 1879 52 1902 lm
68 1871 240 1903 audissent
256 1879 446 1901 sermonem
466 1866 616 1904 Domini,
644 1864 768 1897 reversi
796 1866 887 1900 sunt,
914 1872 975 1893 1100
996 1861 1220 1902 perrexerunt
1237 1861 1354 1889 contra

9 1913 162 1946 &roboam
208 1915 237 1945 5.
262 1912 445 1944 Habitavit
471 1914 584 1942 autem
614 1909 767 1940 Roboam
800 1907 837 1938 in
868 1904 1068 1942 Jerusalem,
1098 1906 1130 1934 et
1161 1900 1356 1933 aedificavit

12 1956 127 1990 vitatas
154 1955 323 1989 muratas1
346 1956 384 1987 in
411 1954 512 1987 Juda.
558 1954 587 1985 6.
611 1951 845 1992 Extruxitque
873 1947 1084 1985 Bethlehem,
1112 1949 1144 1978 et
1172 1943 1300 1982 Etam,²
1324 1947 1356 1975 et

11 1999 119 2041 1100110,
164 2002 192 2034 7.
217 2000 364 2032 Bethsur
379 2008 525 2041 quoque,
552 2000 583 2029 et
608 1995 726 2034 Socho,
742 1998 775 2026 et
791 1993 961 2031 Odoilam,
1007 1992 1035 2023 8.
1059 1999 1192 2021 necnon
1210 1992 1241 2020 et
1258 1987 1357 2023 Geth,

12 2041 165 2084 Marem,
189 2047 221 2076 01
247 2043 344 2086 Ziph,
390 2043 418 2074 9.
442 2041 499 2073 sed
517 2043 548 2073 et
564 2040 731 2075 Aduram,
756 2041 788 2070 et
804 2036 936 2075 Laeliis,
961 2038 993 2067 et
1017 2034 1135 2071 Azeca,
1181 2032 1231 2064 10.
1255 2031 1359 2063 Saraa

20 2094 124 2135 eque,
140 2091 171 2120 et
188 2086 342 2125 Aialon,3
364 2090 397 2118 et
413 2085 565 2122 Hebron,
582 2094 669 2125 quae
682 2084 778 2114 erant
791 2081 827 2112 in
841 2079 933 2112 Juda
949 2082 980 2110 et
997 2076 1190 2118 Benjamin,
1206 2075 1360 2107 civitates

13 2131 236 2164 mitissimas.
281 2132 332 2163 11.
356 2130 512 2170 Cumque
528 2127 701 2159 clausisset
716 2136 777 2157 eas.
793 2124 910 2162 muris,
935 2122 1048 2164 posuit
1063 2121 1101 2152 in
1117 2120 1165 2152 eis
1181 2118 1361 2160 principes,

15 2173 203 2224 hyl-umque
219 2175 349 2213 horrea,
365 2173 429 2205 hoc
446 2175 505 2211 est,
520 2171 596 2210 olei,
621 2174 652 2202 et
669 2169 753 2202 vini.
799 2168 849 2199 12.
873 2166 938 2199 Sed
955 2169 987 2197 et
1003 2165 1040 2196 in
1057 2163 1203 2205 singulis
1219 2161 1363 2194 urbibus

0 2221 62 2255 11011
86 2218 392 2251 armamentarium
423 2219 597 2248 scutorum
625 2217 657 2245 et
683 2213 871 2249 hastarum,
898 2208 1119 2250 firmavitque
1146 2217 1201 2239 eas
1228 2214 1363 2237 summa

16 2257 174 2304 iligentia,
203 2265 235 2293 et
265 2260 449 2304 imperavit
479 2267 580 2300 super
610 2257 749 2294 Judam,
779 2258 810 2287 et
843 2252 1035 2294 Benjamin.
1081 2251 1132 2282 13.
1172 2248 1365 2281 Sacerdotes

25 2307 101 2338 'tem
127 2308 160 2337 et
185 2304 333 2343 Levitae,
363 2303 424 2346 qui
454 2304 552 2335 erant
582 2301 619 2333 in
649 2299 810 2332 universo
827 2296 942 2336 Israel,
969 2297 1139 2328 venerunt
1167 2292 1209 2324 ad
1230 2301 1307 2323 011111
1325 2290 1367 2321 de

18 2354 20 2357 '
34 2347 117 2380 notis
132 2348 268 2381 sedibus
283 2347 363 2387 suis,
408 2347 458 2379 14.
481 2345 714 2387 relinquentes
725 2341 933 2379 suburbana,
949 2342 982 2371 et
997 2337 1218 2380 possessiones
1234 2345 1320 2373 suas,
1337 2337 1368 2365 et

18 2395 200 2426 :anseuntes
215 2391 259 2426 ad
274 2391 414 2432 Judam,
441 2392 473 2424 et
500 2387 707 2424 Jerusalem:
730 2396 768 2419 eo
795 2384 888 2428 quod
917 2382 1091 2426 abjecisset
1109 2390 1163 2414 eos
1179 2378 1370 2417 Jeroboam,
