1527 2538
1377 64 1414 94 37

7 218 8 225 ἵ
30 180 103 214 viro
120 189 227 220 usque
244 177 286 209 ad
305 176 494 213 mulierem,
519 176 551 206 et
575 172 762 216 parvulum
788 173 890 212 atque
906 169 1099 205 lactentem,
1116 165 1240 197 bovem
1257 165 1289 195 et
1305 172 1416 200 ovem,

6 253 9 266 ,
30 223 201 256 camelum
226 225 258 253 et
282 221 429 252 asinum.
475 219 503 250 4.
528 217 703 258 Praecepit
728 216 842 256 itaque
860 212 941 245 Saul
959 210 1095 254 populo,
1121 213 1152 241 et
1178 206 1345 240 recensuit
1361 215 1416 237 eos

31 267 127 310 quasi
145 263 284 308 agnosz²
307 265 454 296 ducenta
479 261 592 293 millia
619 260 785 302 peditum,
811 262 843 290 et
868 257 982 288 decen]
1010 253 1121 286 millia
1144 252 1297 284 virorum
1315 248 1416 281 Juda.

8 329 10 339 ›
31 312 60 344 5.
84 311 240 351 Cumque
256 308 402 340 venisset
418 305 499 339 Saul
517 315 624 346 usque
650 303 692 335 ad
719 302 893 334 civitatem
922 297 1088 334 Amalec,3
1112 295 1256 328 tetendit
1273 292 1417 325 insidias

32 355 70 387 in
86 352 260 386 torrente*
306 352 333 383 6.
359 351 524 391 Dixitque
549 347 631 380 Saul
658 345 815 379 Cinaeoz⁵
839 344 949 382 Abite,
978 341 1131 379 recedite,
1156 343 1259 381 atque
1284 337 1418 369 descen-

10 439 11 442 *
32 398 102 430 dite
119 397 161 430 ab
179 395 333 428 Amalec:
359 406 401 426 ne
428 395 510 425 forte
538 391 716 424 involvam
743 393 776 421 te
801 399 880 420 cum
905 398 957 423 eo;
983 390 1020 417 tu
1046 385 1139 417 enim
1165 381 1271 414 fecisti
1290 379 1419 412 miseri-

10 446 12 455 ”
33 439 203 474 cordiam⁶
225 450 304 472 cum
321 438 482 470 omnibus
498 436 579 468 filiis
598 434 713 472 Israel,
740 443 819 465 cum
847 430 1067 463 ascenderent
1094 428 1135 459 de
1163 427 1328 467 Aegypto.
1375 423 1419 454 Et

33 485 167 518 recessit
194 483 339 515 Cinaeus
367 482 408 513 de
436 480 547 512 medio
576 478 726 510 Amalec.
773 478 800 509 7.
834 474 1071 515 Percussitque
1098 470 1178 503 Saul
1208 468 1348 500 Amalec
1376 466 1419 498 ab

35 528 172 567 Hevila‚
188 527 295 559 donec
311 526 429 557 venias
445 524 487 556 ad
506 522 597 561 Sur,⁷
621 532 708 564 quae
725 524 773 552 est
789 531 805 551 e
823 519 959 561 regione
977 515 1135 558 Aegypti.
1182 515 1210 545 S.
1235 513 1278 544 Et
1303 521 1421 553 appre-

11 572 157 605 hendit
183 571 282 612 Agag
309 580 422 611 regem
451 567 591 599 Amalec
619 565 755 597 vivum:
780 574 881 595 omne
909 565 1024 594 autem
1052 559 1177 600 vulgus
1200 555 1366 588 interfecit
1383 554 1421 585 in

35 627 92 648 ore
107 615 224 658 gladii.
270 614 299 645 9.
324 613 367 644 Et
394 611 542 654 pepercit
569 609 661 647 Saul,
689 612 721 640 et
748 606 895 650 populus
912 606 1019 647 Agag,
1047 608 1079 635 et
1106 601 1245 644 optimis
1261 598 1422 641 gregibus

13 659 153 692 ovium
186 661 218 690 et
248 660 493 693 armentorum,
524 657 556 686 et
587 651 754 685 vestibusg
792 656 823 683 et
858 649 1031 686 arietibus,
1063 650 1095 678 et
1125 644 1303 682 universis,
1335 652 1423 684 quae

36 703 183 746 pulchra
206 704 312 739 erant,
338 711 398 732 nec
424 698 607 730 voluerunt
632 695 825 737 disperdere
850 705 903 725 ea:
928 690 1099 734 quidquid
1126 699 1205 720 vero
1226 687 1293 719 vile
1310 686 1376 717 fuit
1392 687 1425 716 et

14 746 230 789 reprobum,
257 744 321 776 hoc
348 742 501 775 demoliti
530 744 619 773 sunt.
666 740 716 771 10.
742 739 885 770 Factum
913 740 960 768 est
987 739 1102 767 autem
1119 732 1264 764 verbum
1282 728 1424 761 Domini

14 789 15 794 ¹
37 791 82 823 ad
107 788 255 827 Samuel,
283 787 412 819 dicens:
460 787 509 817 11.
535 784 689 816 Poenitet
716 781 788 814 me⁴³
811 781 902 824 quod
929 777 1162 811 constituerim
1190 774 1272 807 Saul
1294 783 1424 815 regem:

16 859 18 866 .
37 834 120 877 quia
137 832 322 873 dereliquit
346 841 410 868 me,
435 833 467 861 et
492 829 595 861 verba
623 838 699 859 mea
715 837 813 868 opere
830 836 899 856 non
917 822 1084 865 implevit.
1131 819 1426 858 Contristatusque

38 881 89 910 est
112 874 289 914 SamueL¹⁰
319 878 353 906 et
383 873 546 905 clamavit
576 871 619 903 ad
652 871 841 902 Dominum
872 871 943 900 tota
974 870 1079 898 nocte.
1126 864 1175 895 12.
1209 863 1365 902 Cumque
1385 859 1427 891 de

39 924 137 954 nocte
152 919 352 952 surrexisset
367 917 516 955 Samuel,
541 919 580 947 ut
605 915 667 946 iret
683 914 726 946 ad
743 913 824 945 Saul
846 922 957 949 mane,
982 909 1183 941 nuntiatum
1200 910 1248 938 est
1264 902 1429 942 Samueli,

17 968 19 977 '
38 975 78 997 eo
95 963 187 1007 quod
204 963 350 995 venisset
365 960 447 993 Saul
464 961 500 991 in
518 958 725 996 Carmelum,
748 961 780 989 et
796 956 956 988 erexisset
972 953 1036 985 sibi
1055 951 1218 984 fornicem
1236 947 1428 989 triumpha-

18 1039 20 1047 ,
40 1008 120 1047 10111,
135 1011 167 1039 et
181 1017 333 1038 reversus
346 1005 529 1042 transisset,
546 1002 839 1042 descendissetque
852 1000 888 1031 in
903 997 1055 1039 Galgala.
1079 995 1185 1027 Venit
1199 1004 1276 1035 ergo
1289 989 1429 1023 Samuel

19 1052 86 1088 ad
110 1049 220 1083 Saul¹¹
244 1053 277 1082 et
297 1048 379 1081 Saul
398 1047 559 1079 offerebat
583 1045 819 1077 holocaustum
846 1043 994 1075 Domino
1018 1041 1059 1072 de
1080 1038 1189 1071 initiis
1214 1035 1429 1079 praedarum,

19 1129 20 1132 ,
40 1106 131 1138 quae
146 1093 308 1126 attulerat
323 1104 364 1124 ex
382 1090 560 1123 A1nalec.¹¹
608 1090 657 1121 13.
682 1089 725 1120 Et
750 1099 828 1121 cum
852 1087 998 1119 venisset
1014 1082 1152 1116 Samuel
1170 1081 1214 1113 ad
1230 1079 1323 1118 Saul,
1339 1077 1430 1109 dixit

20 1140 21 1149 ¹
41 1139 75 1172 ei
91 1138 187 1171 Saul:
212 1136 416 1169 Benedictus
441 1139 480 1166 tu
510 1134 667 1171 Domino,
695 1132 838 1175 implevi
858 1130 998 1163 verbum
1019 1124 1197 1159 Domini.¹²
1244 1124 1293 1155 14.
1319 1121 1430 1154 Dixit-

43 1193 111 1225 que
126 1180 279 1214 Samuel:
306 1180 349 1211 Et
375 1190 463 1221 quae
490 1182 539 1210 est
565 1178 648 1209 haec
674 1187 742 1208 vox
771 1185 924 1216 gregum,
951 1182 1039 1214 quae
1064 1172 1198 1202 resonat
1225 1168 1262 1199 in
1290 1165 1432 1198 auribus

20 1245 25 1275 ᾗ
45 1226 140 1264 meis,
164 1229 196 1257 et
221 1227 466 1259 armentorum,
492 1232 597 1263 quam
623 1231 683 1262 ego
709 1220 833 1251 audio?
880 1217 930 1249 15.
954 1216 998 1247 Et
1023 1215 1071 1246 ait
1095 1212 1191 1245 Saul:
1217 1211 1266 1243 De
1290 1208 1432 1241 Amalec

42 1265 364 1302 43111111110111111303ς13
387 1265 536 1308 pepercit
562 1265 656 1296 enim
681 1262 828 1306 populus
848 1259 1047 1293 melioribus
1063 1257 1185 1289 ovibus
1210 1259 1243 1287 et
1268 1252 1433 1286 armentis

18 1319 24 1348 ’·“,
46 1317 86 1345 ut
109 1311 372 1344 immolarentur
399 1309 547 1341 Domino
574 1308 642 1340 Deo
667 1306 765 1345 tuo,14
788 1306 921 1347 reliqua
946 1314 1024 1335 vero
1051 1300 1248 1333 occidimus.
1294 1298 1345 1329 16.
1373 1296 1434 1327 Ait

45 1360 162 1389 autem
190 1353 328 1387 Samuel
355 1353 398 1385 ad
427 1351 523 1384 Saul:
558 1352 639 1383 Sine
670 1362 733 1389 me,
765 1354 796 1382 et
827 1347 987 1380 indicabo
1017 1345 1080 1378 tibi
1113 1354 1200 1386 quae
1231 1342 1364 1374 locutus
1391 1339 1435 1371 sit

23 1399 219 1439 >Dominus
249 1398 292 1430 ad
324 1408 378 1428 me
408 1400 514 1428 nocte.
564 1395 729 1436 Dixitque
760 1394 804 1426 ei:
841 1393 1003 1434 Loquere.
1050 1391 1100 1421 17.
1136 1387 1179 1419 Et
1204 1386 1253 1418 ait
1280 1382 1433 1416 Samuel:

50 1444 172 1476 Nonne
189 1453 266 1474 cum
286 1440 449 1483 parvulus
465 1450 550 1471 esses
566 1439 603 1470 in
620 1438 726 1470 oculis
742 1438 819 1475 tuis,
845 1439 947 1477 caput
972 1434 1009 1465 in
1031 1431 1188 1465 tribubus
1206 1428 1309 1461 Israel
1327 1428 1435 1459 factus

47 1488 105 1520 e-s‘?
143 1486 314 1527 unxitque
351 1488 383 1515 te
423 1483 591 1515 Dominus
622 1482 660 1513 in
691 1492 804 1523 regem
833 1490 933 1521 super
964 1477 1078 1515 Israel,
1126 1476 1174 1507 is.
1213 1477 1245 1505 et
1283 1471 1377 1503 misit
1403 1473 1436 1502 te

26 1530 221 1566 Dominus
252 1529 288 1560 in
320 1528 424 1565 viam,
455 1531 487 1559 et
517 1527 579 1558 ait:
618 1525 724 1562 Vade,
756 1528 788 1556 et
818 1523 970 1555 interfice
1002 1522 1190 1563 peccatores
1222 1515 1372 1553 Amalec,
1403 1517 1437 1545 et

27 1578 28 1610 ξ
49 1573 221 1618 pugnabis
246 1575 363 1603 contra
387 1582 441 1602 eos
467 1581 574 1612 usque
599 1569 642 1601 ad
669 1568 934 1600 internecionem
962 1575 1089 1597 eorum.
1136 1563 1186 1594 19.
1219 1561 1333 1599 Quare
1358 1568 1437 1598 ergo

51 1629 123 1650 non
140 1616 265 1649 audisti
282 1625 399 1647 vocem
417 1614 573 1646 Domini:
597 1613 654 1645 sed
675 1623 793 1644 versus
810 1611 852 1643 ad
869 1609 1031 1652 praedam
1057 1618 1099 1645 es,
1124 1610 1156 1638 et
1181 1603 1286 1637 fecisti
1304 1601 1437 1634 malum

51 1661 89 1694 in
107 1660 213 1693 oculis
231 1658 393 1691 Domini?
440 1658 489 1690 20.
515 1658 558 1689 Et
582 1657 631 1688 ait
656 1656 737 1688 Saul
755 1655 798 1687 ad
815 1653 1025 1686 Samuelem:
1051 1651 1163 1682 Immo
1181 1647 1301 1680 audivi
1317 1655 1437 1678 vocem

53 1703 233 1743 1)01111111,15
257 1706 288 1734 et
315 1702 492 1734 ambulavi
520 1701 556 1732 in
585 1700 642 1731 via
659 1710 717 1741 per
734 1709 838 1741 quam
857 1697 951 1729 misit
968 1707 1021 1727 me
1040 1693 1218 1730 Dominus,
1246 1694 1279 1723 et
1305 1688 1438 1722 adduxi

53 1749 153 1790 Agag
168 1757 281 1789 regem
300 1745 450 1783 Amalec,
476 1748 508 1777 et
533 1743 674 1776 Amalec
700 1742 862 1774 interfeci.
910 1741 960 1772 21.
984 1739 1080 1770 Tulit
1105 1740 1219 1769 autem
1246 1735 1287 1766 de
1312 1731 1440 1775 praeda

53 1791 201 1837 populus
227 1801 306 1822 oves
333 1793 365 1821 et
392 1789 502 1826 boves,
530 1787 700 1830 primitias
728 1796 846 1828 eorum
868 1795 956 1826 quae
981 1793 1075 1815 caesa
1102 1784 1191 1818 sunt,
1218 1782 1257 1810 ut
1284 1775 1440 1809 immolet

53 1835 204 1867 Domino
236 1834 305 1865 Deo
337 1843 396 1864 suo
427 1832 464 1863 in
497 1831 657 1872 Galgalis.
705 1830 754 1861 22.
794 1829 838 1860 Et
875 1828 923 1860 ait
961 1825 1114 1858 Samuel:
1151 1820 1331 1864 Numquid
1364 1818 1441 1851 vult

55 1879 224 1911 Dominus
238 1877 434 1908 holocausta
447 1879 479 1907 et
491 1875 658 1911 victimas,
671 1877 704 1905 et
720 1884 789 1905 non
807 1872 919 1914 potius
935 1874 973 1902 ut
989 1869 1169 1901 obediatur
1185 1866 1258 1898 voci
1277 1862 1441 1896 Domini?

55 1921 236 1955 MELIOR
263 1924 312 1952 est
336 1919 431 1951 enim
459 1918 654 1950 obedientia
681 1928 786 1958 quam
814 1913 1021 1947 victimaezffi
1059 1916 1091 1944 et
1114 1910 1306 1943 auscultare
1331 1906 1441 1948 magis

53 1976 162 2008 quam
176 1965 298 1997 offerre
314 1963 450 2004 adipem
468 1962 628 1998 arietum;
677 1961 727 1992 23.
752 1959 917 2001 quoniam
946 1956 1044 1999 quasi
1071 1958 1248 1998 peccatum
1270 1949 1441 1984 ariolandi

55 2013 115 2048 est,
143 2006 375 2050 repugnarez¹⁷
399 2010 431 2037 et
447 2005 544 2047 quasi
561 2004 668 2036 scelus
685 2002 908 2040 idololatriae,
936 2000 1026 2032 nolle
1052 1999 1271 2041 acquiescere.
1318 1995 1382 2026 Pro
1404 2004 1442 2025 eo

35 2070 36 2073 =
56 2063 135 2095 ergo
152 2051 243 2094 quod
268 2049 419 2092 abjecisti
436 2059 627 2080 sermonem
649 2047 800 2085 Domini,
828 2045 950 2087 abjecit
976 2048 1008 2076 te
1037 2043 1206 2075 Dominus
1233 2050 1276 2071 ne
1303 2038 1347 2070 sis
1372 2048 1442 2068 rex.

58 2097 108 2129 24.
142 2095 307 2137 Dixitque
335 2093 416 2125 Saul
450 2092 494 2124 ad
519 2091 727 2123 Samuelem:
763 2087 942 2127 Ρο003ν1,18
977 2087 1059 2129 quia
1086 2084 1339 2128 praevaricatus
1365 2091 1442 2112 sum

56 2149 249 2172 sermonem
277 2136 428 2175 Domini,
459 2139 491 2167 et
521 2135 625 2167 verba
651 2138 719 2172 tua,
750 2134 875 2165 timens
906 2131 1085 2174 populum,
1116 2132 1148 2161 et
1179 2127 1340 2160 obediens
1367 2123 1443 2156 voci

55 2193 187 2216 eorum.
233 2181 282 2213 25.
320 2180 384 2212 Sed
416 2189 509 2211 nunc
540 2182 646 2220 porta,
684 2187 819 2219 quaeso,
850 2179 1026 2218 peccatum
1057 2183 1184 2211 meum,
1215 2174 1247 2202 et
1278 2171 1444 2201 revertere

58 2236 205 2265 mecum,
221 2228 258 2256 ut
275 2224 413 2256 adorem
431 2222 629 2254 Dominum.
665 2221 715 2252 26.
741 2220 784 2252 Et
800 2220 847 2251 ait
863 2218 1001 2251 Samuel
1018 2217 1061 2249 ad
1078 2215 1175 2248 Saul:
1200 2214 1277 2246 Non
1295 2214 1445 2244 revertar

58 2272 182 2308 tecum,
212 2268 294 2310 quia
310 2266 478 2309 projecisti
495 2275 686 2297 sermonem
709 2263 860 2301 Domini,
891 2266 923 2294 et
939 2260 1079 2303 projecit
1094 2263 1126 2291 te
1144 2257 1313 2290 Dominus
1329 2265 1372 2287 ne
1399 2254 1444 2286 sis

59 2323 120 2347 rex
146 2322 247 2355 super
272 2310 385 2344 Israel.
432 2310 481 2343 27.
512 2309 555 2341 Et
582 2317 762 2341 conversus
789 2310 838 2339 est
863 2304 1002 2338 Samuel
1029 2307 1068 2336 ut
1095 2303 1217 2336 abiret:
1242 2299 1300 2332 ille
1327 2301 1443 2331 autem

1225 2353 1270 2387 3..
