1527 2538
1261 37 1317 65 321

0 159 68 192 hri:
93 160 125 190 et
141 156 220 188 iniit
237 165 314 187 eum
333 153 379 185 eis
395 151 523 183 foedus.
572 148 600 180 2.
626 146 694 185 Qui
712 144 962 178 circumeuntes
978 140 998 173 J
1002 138 1117 176 udam,
1144 145 1327 177 congrega—

0 206 60 236 unt
76 201 211 234 Levitas
229 199 269 230 de
287 196 417 230 cunctis
433 193 577 226 urbibus
593 190 695 228 Juda,
722 193 755 221 et
782 187 953 230 principes
977 182 1189 215 familiarum
1209 177 1324 214 Israel,

0 249 173 287 ,eruntque
198 244 233 275 in
258 240 457 274 Jerusalem.
504 238 532 268 3.
558 235 642 267 Iniit
667 244 745 275 ergo
771 231 884 263 omnis
910 226 1097 260 multitudo
1123 227 1260 266 pactum
1289 221 1324 252 in

0 302 38 322 no
57 289 116 321 Dei
135 298 211 320 cum
231 296 321 327 rege:
346 283 504 324 dixitque
521 280 562 312 ad
581 289 635 311 eos
651 276 787 309 Joiada:
825 275 910 306 Ecce
927 272 1019 304 filius
1046 269 1133 309 regis
1160 265 1327 308 regnabit,

0 338 25 366 1t
49 333 181 365 locutus
206 334 254 362 est
281 327 449 360 Dominus
475 334 576 366 super
601 322 688 353 filios
715 319 838 351 David.
890 318 919 348 4.
951 316 1016 347 Iste
1041 318 1090 345 est
1114 321 1192 352 ergo
1218 320 1327 340 sermo

0 388 41 410 >m
69 375 211 408 facietis:
258 374 286 404 5.
311 371 424 403 Tertia
441 380 518 411 pars
536 370 683 398 vestrum
704 364 762 406 qui
782 362 927 394 veniunt
944 359 986 391 ad
1004 356 1195 392 sabbatum,
1218 353 1330 385 Sacer-

0 432 69 456 um.
95 423 126 451 et
144 418 354 452 Levitarum,
379 418 410 446 et
432 412 623 454 janitorum
650 408 712 440 erit
738 407 773 438 in
801 405 920 448 portis:
953 401 1053 434 tertia
1079 409 1157 431 vero
1184 407 1261 439 pars
1287 395 1330 427 ad

0 475 81 497 num
100 462 201 504 regis:
225 465 257 492 et
273 459 372 491 tertia
389 457 431 489 ad
450 453 611 498 portam,²
635 462 722 494 quae
744 448 937 492 appellatur
956 442 1204 477 Fundamenti:
1229 450 1331 471 omne

2 520 20 541 o
45 507 218 548 reliquum
246 503 370 545 vulgus
395 501 439 532 sit
464 500 499 531 in
526 497 620 530 atriis
646 496 767 527 domus
794 491 944 524 Domini.
1000 492 1028 520 (j.
1063 487 1130 518 Nee
1158 484 1329 527 quispiam

0 563 30 584 is
46 549 261 592 ingrediatur
277 547 419 578 domum
440 542 588 579 Domini,
606 540 670 572 nisi
689 537 893 573 Sacerdotes,
921 538 953 565 et
978 532 1037 574 qui
1065 529 1264 562 ministrant
1292 526 1332 557 ‹le

0 595 87 628 ritis:
121 593 183 635 ipsi
202 588 443 623 tantummodo
460 585 711 628 ingrediantur,
738 581 820 623 quia
837 575 1038 611 sanctificati
1056 576 1150 606 sunt:
1183 576 1216 604 et
1231 581 1334 602 omne

0 640 117 681 iquum
135 634 277 677 vulgus³
300 633 454 665 observet
470 629 639 661 custodias
657 625 807 658 Domini.
854 624 882 655 7.
910 620 1048 653 Levitae
1061 621 1176 650 autem
1191 615 1334 647 circum-

0 687 27 715 it
43 691 166 723 regem,
193 679 356 711 habentes
373 674 501 716 singuli
519 682 615 704 arma
632 681 707 702 sua:
733 672 778 706 (et
792 668 819 699 si
837 666 914 708 quis
931 665 1019 696 alius
1036 663 1207 703 ingressus
1232 657 1335 689 fuerit

0 726 122 768 iplum,
134 722 372 757 interficiatur)
386 720 523 760 sintque
537 726 614 748 cum
631 724 705 755 rege
715 716 746 744 et
758 713 909 743 intrante
918 713 949 740 et
961 706 1165 749 egrediente.
1190 704 1218 734 8.
1238 702 1335 733 Fece-

3 775 28 802 1t
39 779 118 811 ergo
131 767 278 801 Levitae.
292 769 323 797 et
337 763 517 795 universus
529 759 620 792 Juda
630 759 730 800 juxta
744 755 870 791 omnia,
883 763 971 795 quae
985 750 1200 793 praeceperat
1213 744 1337 777 Joiada.

2 813 114 846 itifex:
139 815 171 843 et
187 810 445 850 assumpserunt
468 803 597 846 singuli
616 802 705 834 viros
731 799 790 842 qui
817 797 880 829 sub
904 807 938 828 se
963 797 1069 830 erant,
1094 796 1126 824 et
1152 789 1336 823 veniebant

0 857 177 890 rordinem
205 852 347 890 sabbati,
374 861 452 882 cum
479 849 532 880 his
558 846 617 889 qui
644 844 872 886 impleverant
896 839 1089 875 sabbatum,
1114 838 1147 867 et
1170 832 1337 875 egressuri

0 906 59 939 mt;
83 898 253 941 siquidem
271 895 394 928 Joiada
411 892 563 935 pontifex
582 900 651 921 non
669 887 845 920 dimiserat
872 884 965 916 abire
991 886 1132 917 turmas,
1158 888 1245 920 quae
1272 875 1336 907 sibi

0 943 183 986 rsingulas
210 938 442 973 hebdomadas
459 934 635 968 succedere
663 932 917 964 consueverant.
964 927 992 957 9.
1018 924 1187 964 Deditque
1215 919 1339 952 Joiada

0 988 103 1021 {erdos
119 983 377 1018 centurionibus
404 981 548 1017 lanceas,
576 977 778 1019 clypeosque
806 977 838 1005 et
865 971 972 1014 peltas
997 968 1084 1010 regis
1103 964 1226 1003 David,
1253 973 1339 1005 ques

0 1034 204 1064 asecraverat
228 1029 263 1060 in
291 1027 392 1059 domo
421 1022 571 1056 Domini.
627 1022 675 1052 10.
710 1016 964 1056 Constituitque
998 1021 1135 1044 omnem
1170 1008 1335 1051 populum

0 1075 146 1108 lentium
171 1071 354 1115 pugiones4
387 1080 406 1101 a
431 1071 526 1110 parte
550 1063 670 1106 templi
697 1063 827 1098 dextra,
858 1069 965 1101 usque
991 1056 1033 1088 ad
1061 1058 1192 1097 partem
1218 1049 1339 1092 templi

0 1119 138 1156 listram,
155 1127 267 1149 eoram
285 1113 395 1151 altari,
411 1116 443 1144 et
459 1109 597 1151 templo,
614 1118 672 1150 per
688 1105 871 1138 circuitum
890 1102 986 1143 regis.
1013 1101 1061 1131 ii.
1087 1098 1130 1130 Et
1145 1096 1341 1128 eduxerunt

0 1164 66 1195 ium
82 1161 180 1203 regis,
205 1164 237 1192 et
253 1159 490 1200 imposuerunt
507 1154 536 1186 ei
554 1152 714 1184 diadema
727 1153 762 1181 et
777 1146 1024 1182 testimonium,
1049 1142 1286 1181 dederuntque
1303 1138 1341 1168 in

0 1217 59 1239 mu
77 1206 149 1247 ejus
165 1203 349 1236 tenendam
366 1200 486 1242 legem,
512 1201 543 1229 et
560 1195 810 1228 constituerunt
827 1201 904 1223 eum
924 1198 1051 1229 regem:
1077 1184 1180 1217 unxit
1205 1192 1342 1225 quoque

0 1261 57 1282 um
73 1248 196 1281 Joiada
212 1246 375 1288 pontifex,
392 1247 424 1275 et
440 1242 502 1274 filii
520 1241 604 1282 ejus:
631 1236 878 1279 imprecatique
895 1236 975 1265 sunt
991 1231 1031 1268 ei,
1047 1233 1150 1271 atque
1164 1227 1342 1259 dixerunt:

0 1297 62 1326 ivat
79 1304 148 1324 rex.
195 1291 244 1322 12.
269 1288 368 1328 Quod
386 1298 463 1319 cum
492 1284 641 1317 audisset
659 1280 809 1317 Athalia,
835 1288 950 1309 vocem
977 1274 1104 1307 scilicet
1130 1270 1343 1304 currentium

0 1348 60 1380 que
75 1335 296 1368 laudantium
315 1342 437 1373 regem,
464 1330 615 1370 ingressa
632 1325 738 1358 estad
757 1321 924 1365 populum
943 1320 978 1351 in
1005 1317 1173 1359 templum
1192 1312 1343 1346 Domini.

0 1387 11 1413 ἰ.
34 1381 189 1422 Cumque
207 1378 346 1410 vidisset
363 1385 475 1416 regem
493 1375 639 1404 stantem
656 1379 757 1410 super
773 1366 919 1408 gradum
937 1363 974 1394 in
999 1358 1172 1397 int1·0itu,⁵
1195 1362 1227 1389 et
1253 1356 1345 1399 prin-

0 1435 59 1467 pes,
89 1427 289 1464 turmasque
320 1420 408 1452 circa
439 1427 527 1454 eum,
562 1422 770 1453 omnemque
803 1408 971 1452 populum
994 1410 1102 1437 terrae
1127 1402 1346 1445 gaudentem,

0 1479 63 1510 que
79 1466 295 1508 clangentem
312 1463 413 1499 tubis,
439 1464 471 1493 et
487 1458 611 1491 diversi
629 1456 762 1498 generis
779 1452 916 1495 organis
941 1450 1188 1485 concinentem,
1216 1453 1348 1477 vocem-

0 1522 30 1544 ιθ
65 1510 296 1547 laudantium,
334 1506 434 1539 scidit
472 1503 675 1536 vestimenta
713 1509 783 1536 sua,
821 1501 853 1528 et
884 1495 946 1527 ait:
994 1492 1153 1529 Insidiae,
1192 1488 1346 1520 insidiae.

0 1555 15 1588 l.
37 1555 199 1597 Egressus
215 1556 329 1584 autem
343 1549 464 1582 Joiada
478 1546 632 1589 pontifex
646 1543 687 1576 ad
702 1541 927 1575 centuriones,
943 1541 974 1570 et
989 1536 1159 1579 principes
1172 1531 1350 1568 exereitus,

0 1599 55 1631 xit
70 1599 130 1631 eis:
161 1596 305 1629 Educite
322 1594 418 1625 illam
436 1596 532 1623 extra
548 1593 642 1631 septa
659 1585 789 1628 templi,
816 1588 848 1616 et
864 1581 1091 1614 interficiatur
1118 1577 1197 1609 foris
1225 1574 1350 1617 gladio.

0 1642 208 1684 raecepitque
234 1638 388 1671 sacerdos
416 1647 459 1668 ne
484 1633 690 1666 occideretur
716 1631 751 1661 in
778 1629 879 1660 domo
907 1624 1058 1658 Domini.
1105 1623 1154 1653 15.
1180 1621 1223 1652 Et
1245 1619 1351 1660 impo-

0 1690 108 1718 ierunt
140 1683 329 1717 cervicibus
360 1682 431 1722 ejus
462 1687 599 1710 manus:
646 1683 794 1715 cumque
832 1671 990 1702 intrasset
1021 1670 1153 1709 portam
1185 1672 1352 1706 equorum

0 1740 90 1762 umus
115 1728 211 1770 regis,
237 1725 480 1758 interfecerunt
506 1731 582 1753 eam
607 1719 665 1751 ibi.
712 1718 761 1749 16.
796 1714 929 1757 Pepigit
955 1716 1070 1744 autem
1088 1708 1210 1741 Joiada
1237 1705 1354 1738 foedus

0 1777 60 1805 lter
83 1783 125 1811 se,
151 1772 420 1810 universumque
446 1765 624 1808 populum,
652 1765 684 1794 et
709 1770 833 1802 regem,
862 1762 899 1789 ut
924 1759 1006 1788 esset
1032 1753 1178 1797 populus
1205 1748 1374 1791 Domini.v

0 1818 23 1850 7.
46 1817 166 1859 Itaque
191 1815 362 1855 ingressus
387 1814 434 1843 est
459 1809 573 1841 omnis
598 1805 745 1849 populus
771 1804 913 1835 domum
939 1799 1034 1837 Baal,
1058 1801 1090 1829 et
1114 1795 1356 1828 destruxerunt

0 1870 61 1892 2111:
86 1864 118 1892 et
133 1858 256 1891 altaria
271 1868 310 1888 ac
324 1854 509 1888 simulacra
525 1852 620 1883 illius
636 1849 887 1889 confregerunt:
923 1843 1068 1875 Mathan
1093 1849 1229 1882 quoque
1254 1846 1359 1868 sacer-

2 1907 87 1936 otem
103 1902 186 1935 Baal
203 1900 446 1933 interfecerunt
468 1900 549 1929 ante
574 1904 657 1926 aras.
705 1893 754 1923 18.
779 1888 964 1922 Constituit
988 1889 1102 1918 autem
1120 1882 1242 1915 Joiada
1267 1890 1359 1922 prae-

2 1947 100 1979 ositos
115 1947 152 1978 in
169 1946 270 1977 domo
288 1942 438 1980 Domini,
462 1940 526 1972 sub
549 1937 710 1970 manibus
735 1933 966 1969 Sacerdotum,
992 1936 1025 1961 et
1041 1927 1251 1963 Levitarum,
1277 1933 1361 1965 quos¹

4 1989 152 2022 istribuit
169 1988 281 2021 David
298 1988 335 2018 in
351 1986 452 2017 domo
470 1982 625 2015 Domini:
650 1984 688 2012 ut
705 1979 864 2011 offerrent
886 1975 1083 2006 holocausta
1101 1969 1260 2004 Domino,
1276 1967 1363 1999 sicut

0 2034 141 2075 ffliptum
159 2036 206 2065 est
234 2033 268 2063 in
298 2031 371 2071 lege
389 2028 507 2069 Moysi,
532 2027 569 2057 in
595 2024 721 2066 gaudio
747 2025 780 2054 et
804 2019 955 2056 canticis,
976 2017 1078 2058 juxta
1105 2012 1363 2055 dispositionem

1 2077 103 2109 hvid.
148 2077 198 2114 19.
223 2073 408 2107 Constituit
423 2081 559 2113 quoque
572 2069 735 2110 janitores
751 2065 788 2097 in
805 2064 910 2106 portis
927 2062 1049 2093 domus
1067 2056 1218 2093 Domini,
1241 2058 1278 2086 ut
1295 2064 1364 2084 non

1 2121 216 2162 ngrederetur
231 2129 305 2151 eam
323 2115 527 2148 immundus
543 2113 579 2144 in
596 2111 691 2143 omni
709 2120 752 2141 re.
788 2109 838 2140 20.
863 2103 1126 2146 Assumpsitque
1143 2098 1367 2132 centuriones,

2 2167 22 2203 fn,
32 2164 228 2196 fortissimos
244 2163 335 2194 viros
351 2171 389 2192 ac
406 2158 575 2201 principes
593 2153 721 2197 populi,
738 2156 770 2185 et
787 2161 888 2183 omne
901 2148 1026 2189 vulgus
1038 2150 1156 2183 terrae,
1173 2147 1205 2175 et
1217 2143 1366 2174 fecerunt

0 2206 184 2255 lescendere
200 2216 311 2248 regem
331 2204 372 2236 de
389 2203 490 2234 domo
509 2199 660 2237 Domini,
676 2201 707 2229 et
721 2195 862 2228 introire
875 2203 934 2235 per
947 2190 1100 2222 medium
1114 2190 1230 2230 portae
1243 2183 1370 2226 superi-

0 2249 54 2288 tris
69 2251 106 2282 in
122 2250 263 2283 domum
281 2247 377 2289 regis,
400 2249 433 2278 et
448 2244 701 2277 collocaverunt
725 2250 803 2272 eum
830 2238 866 2269 in
892 2235 976 2268 solio
1001 2232 1117 2275 regali.
1164 2231 1213 2262 21.
1254 2228 1370 2259 Laeta-

6 2303 110 2336 usque
125 2297 174 2327 est
189 2292 300 2326 onmis
316 2289 464 2335 populus
479 2292 597 2327 terrae,
614 2289 646 2319 et
661 2283 742 2317 urbs
759 2281 904 2325 quievit:
929 2288 1028 2322 porro
1047 2271 1371 2309 Athaliainterfccta

4 2339 40 2370 »st
53 2337 175 2381 gladio.
