1527 2538
1324 41 1380 71 179

0 182 79 218 Baal
95 174 340 224 quadringenti
367 174 400 205 et
427 165 684 212 quinquaginta.
708 160 775 194 viri
802 153 920 191 511111.10
965 151 1015 183 23.
1040 148 1174 181 Dentur
1198 140 1297 174 nobis
1314 138 1382 171 duo

0 229 107 265 boves,
133 227 166 256 et
191 221 244 254 illi
272 219 402 260 eligant
428 213 493 246 sibi
515 212 638 244 bovem
655 216 776 241 unum,
804 205 836 234 et
862 200 900 231 111
927 197 1034 228 frusta
1061 190 1238 223 caedentes
1253 185 1385 227 ponant

0 281 97 313 super
113 268 219 309 ligna,
235 265 352 306 ignem
370 262 484 292 autem
501 266 572 287 11011
588 252 798 294 supponant:
823 248 855 278 et
871 253 931 284 ego
947 239 1070 271 faciani
1088 235 1210 266 bovem
1228 229 1386 263 alterum,

0 318 32 349 et
51 314 229 354 imponam
257 316 358 348 super
384 304 489 344 ligna,
517 300 633 341 ignem
661 297 775 327 autem
804 300 874 322 non
901 290 1104 326 supponam.
1150 277 1199 308 24.
1225 273 1387 305 Invocate

0 357 144 392 nomina
171 354 312 385 deorum
340 350 542 381 vestrorum,
569 345 601 374 et
629 350 689 381 ego
717 333 884 368 invocabo
912 336 1039 361 nomen
1068 318 1209 354 Domini
1237 315 1321 348 mei:
1357 316 1389 344 et

3 402 93 435 Deus
124 397 184 440 qui
216 391 408 428 exaudierit
438 399 497 431 per
522 387 649 428 ignem,
680 383 751 422 ipse
782 379 825 411 sit
857 371 983 407 1)0115.Π
1030 363 1251 407 Respondens
1278 356 1391 390 omnis

2 443 149 489 populus
175 440 236 472 ait:
261 437 401 479 Optima
426 429 620 476 propositio.
667 426 717 458 25.
743 422 841 455 Dixit
865 428 944 459 ergo
969 413 1063 446 Elias
1090 405 1264 451 prophetis
1292 399 1391 433 Baal:

5 487 130 530 Eligite
157 483 254 517 vobis
279 482 401 513 bovem
428 486 550 513 unum,
577 476 610 505 et
636 470 735 503 facite
762 464 877 510 primi,
908 459 991 503 quia
1017 466 1076 488 vos
1104 452 1218 495 plures
1246 446 1336 479 estis:
1362 446 1394 475 et

5 533 160 565 invocate
199 525 342 559 nomina
391 521 533 553 deorum
582 519 784 549 vestroruin,
830 509 1015 550 ignemque
1065 508 1135 530 11011
1161 497 1163 499 ’
1184 487 1394 534 supponatis.

7 577 56 610 26.
80 573 146 612 Qui
165 581 242 603 cum
260 568 419 601 tulissent
434 565 568 599 bovem,
585 569 687 602 quein
705 556 843 588 dederat
861 551 916 587 eis,
941 546 1106 579 fecerunt:
1131 542 1164 571 et
1187 532 1397 568 invocabant

8 628 133 652 nomen
159 614 242 647 Baal
269 613 310 644 de
335 619 436 642 mane
461 616 569 648 usque
595 604 638 636 ad
664 599 854 635 meridiem,
880 594 1043 625 dicentes:
1069 582 1153 617 Baal
1178 577 1303 613 exaudi
1326 585 1397 607 nos.

10 663 54 696 Et
77 671 147 693 11011
173 661 245 691 erat
269 667 348 693 vox,
373 663 435 685 1100
460 651 520 693 (1111
546 646 777 690 responderet:
811 634 1119 673 transiliebantque
1145 621 1278 657 altare¹2
1306 617 1399 662 quod

9 706 165 740 fecerant.
211 702 262 734 27.
286 699 442 739 Cumque
467 697 551 727 esset
572 693 645 734 jam
670 687 839 721 meridies,
864 678 1033 714 illudebat
1049 673 1118 706 illis
1144 669 1248 705 Elias,
1268 665 1400 697 dicens:

13 750 165 783 Clamate
180 755 262 778 voce
279 742 420 783 majore:
446 740 537 771 Deus
554 736 647 768 enim
665 736 722 770 est,
747 734 779 763 et
803 727 944 761 forsitan
970 719 1134 762 loquitur.
1160 715 1220 745 aut
1235 710 1273 741 in
1290 708 1401 740 diver-

13 793 99 827 sorio
116 794 173 829 est,
190 792 249 821 aut
274 787 311 819 in
338 786 470 820 itinere,
495 784 555 814 aut
571 782 658 812 certe
675 774 812 811 dormit,
837 774 876 803 nt
900 767 1075 801 excitetur.
1121 759 1172 790 ⁶28.
1197 751 1404 787 Clainabant

15 847 92 879 ergo
104 845 185 868 voce
199 841 335 873 magna,
352 833 384 861 et
399 825 599 859 incidebant
615 834 648 855 se
661 822 762 863 juxta
775 818 881 849 ritum
895 807 1026 845 suuni¹³
1049 802 1167 838 cultris
1184 803 1215 831 et
1231 793 1404 831 lanceolis,

16 881 122 914 donec
138 875 425 920 perfunderentur
441 869 617 911 sanguine.
664 866 713 897 29.
739 863 924 902 Postquain
951 856 1064 886 autein
1083 844 1220 880 transiit
1236 837 1406 874 meridies,

17 927 49 958 et
64 923 133 972 illis
149 916 435 964 prophetantibus
455 915 595 946 venerat
619 914 764 950 tenipus,
789 915 857 947 (1110
882 896 1087 933 sacrificium
1106 887 1217 923 offerri
1235 884 1327 921 solet,
1344 891 1407 913 nec

19 966 222 1001 audiebatur
259 973 337 999 vox,
378 970 440 991 nec
479 956 605 998 aliquis
642 949 877 994 respondebat,
922 953 985 974 nec
1023 932 1221 970 attendebat
1258 929 1407 959 orantes:

20 1012 69 1044 30.
93 1009 183 1042 dixit
199 1006 293 1039 Elias
310 1003 404 1036 omni
422 1001 562 1045 populo:
587 997 712 1030 Venite
729 994 770 1027 ad
789 1003 852 1024 me.
898 988 941 1020 Et
967 981 1145 1017 accedente
1163 975 1205 1008 ad
1222 983 1255 1004 se
1272 968 1410 1014 populo,

21 1054 154 1088 curavit
170 1051 277 1084 altare
294 1047 446 1085 Domini,
472 1044 563 1087 quod
590 1042 801 1074 destructum
826 1034 945 1067 fuerat.
991 1028 1041 1060 31.
1066 1025 1109 1056 Et
1130 1019 1212 1053 tulit
1228 1012 1411 1048 duodecim

21 1098 150 1141 lapides
171 1096 273 1137 juxta
298 1101 483 1124 numerum
509 1087 664 1120 tribuum
692 1083 843 1115 filiorum
870 1073 985 1112 Jacob,
1011 1070 1053 1103 ad
1079 1075 1182 1109 quem
1208 1062 1337 1093 sactum
1363 1059 1412 1087 est

23 1152 130 1191 serino
157 1137 309 1175 Domini,
335 1135 465 1167 dicens:
490 1130 593 1164 Israel
620 1129 683 1161 erit
708 1135 834 1158 nomen
860 1125 970 1153 tuum.
1017 1114 1067 1146 32.
1092 1111 1135 1142 Et
1160 1101 1355 1139 aedificavit
1371 1099 1414 1130 de

24 1184 197 1229 lapidibus
224 1181 330 1213 altare
355 1179 392 1210 in
418 1177 559 1209 noniine
586 1171 741 1205 Domini:
766 1167 912 1208 fecitque
937 1157 1202 1203 aquaeductum,
1228 1145 1326 1190 quasi
1354 1153 1414 1186 per

26 1230 109 1263 duas
125 1222 386 1260 aratiunculas¹⁴¹
409 1222 446 1253 in
473 1219 617 1252 circuitu
635 1214 762 1251 altaris,
808 1211 857 1242 33.
883 1211 914 1240 et
940 1198 1130 1244 composuit
1146 1195 1256 1236 ligna:
1282 1187 1414 1221 divisit-

28 1284 92 1316 que
118 1282 177 1314 per
193 1268 349 1301 membra
379 1266 513 1303 bovem,
544 1266 576 1294 et
606 1260 720 1302 posuit
750 1265 851 1297 super
880 1252 986 1293 ligna,
1032 1245 1082 1277 34.
1107 1245 1139 1273 et
1169 1239 1231 1270 ait:
1271 1231 1417 1274 Iinplete

29 1319 175 1360 quatuor
201 1312 344 1355 hydrias
369 1320 469 1347 aqua,
496 1310 529 1339 et
552 1304 688 1337 fundite
713 1311 813 1342 super
838 1294 1086 1329 holocaustum,
1118 1288 1150 1317 et
1180 1289 1281 1322 super
1311 1276 1417 1317 ligna.

30 1361 249 1410 Rursumque
266 1355 369 1387 dixit:
394 1353 510 1384 Etiam
527 1348 675 1382 secundo
692 1346 756 1377 lioc
773 1342 881 1375 facite.
913 1336 980 1377 Qui
999 1343 1077 1366 cuin
1091 1327 1245 1362 fecissent
1259 1318 1417 1356 secundo,

0 1435 1 1455 ,
31 1407 92 1437 ait:
116 1403 230 1450 Etiam
256 1398 355 1431 tertio
373 1397 522 1439 idipsum
544 1393 652 1425 facite.
699 1388 934 1426 Feceruiitque
951 1378 1060 1415 tertio,
1106 1373 1156 1405 35.
1180 1372 1213 1402 et
1238 1363 1420 1399 currebant

0 1488 1 1492 Ἰ
33 1457 139 1490 aquae
156 1454 282 1477 circuni
302 1442 417 1478 altare,
443 1444 475 1471 et
499 1438 585 1469 fossa
602 1433 836 1477 aquaeductus
853 1426 980 1469 repleta
997 1424 1053 1454 est.
1100 1417 1150 1449 36.
1175 1414 1331 1452 Cumque
1344 1407 1418 1448 jam

0 1495 165 1539 ’,1011111115
191 1490 273 1520 esset
297 1489 336 1518 ut
361 1485 537 1517 offerretur
561 1473 840 1512 holocaustum,15
863 1469 1024 1503 accedens
1049 1462 1143 1495 Elias
1160 1454 1335 1500 propheta,
1357 1449 1421 1481 ait:

36 1535 180 1567 Domine
209 1532 300 1563 Deus
327 1528 515 1565 Abraham,
543 1528 575 1557 et
603 1523 707 1559 Isaac,
735 1522 766 1552 et
793 1515 908 1552 Israel,
935 1508 1073 1544 ostende
1100 1502 1203 1536 hodie
1231 1497 1313 1540 quia
1334 1498 1371 1526 tu
1389 1502 1423 1524 es

37 1578 125 1610 Deus
141 1574 256 1613 Israel,
283 1577 315 1605 et
340 1583 400 1614 ego
429 1580 546 1603 servus
572 1572 662 1604 tuus,
690 1568 721 1597 et
745 1564 846 1605 juxta
872 1557 1090 1598 praeceptum
1108 1552 1208 1580 tuum
1226 1541 1285 1574 feci
1305 1536 1424 1571 omnia

38 1621 139 1671 verba
154 1620 247 1651 haec.
294 1618 343 1649 37.
368 1613 506 1648 Exaudi
524 1623 578 1645 nie
596 1609 752 1645 Domine,
776 1603 902 1638 exaudi
919 1610 987 1632 nie:
1012 1600 1050 1628 ut
1067 1594 1173 1625 discat
1189 1584 1336 1630 populus
1353 1581 1424 1618 iste,

40 1676 119 1715 quia
134 1667 172 1696 tu
190 1674 223 1695 es
240 1661 410 1711 Dominus
427 1659 526 1696 Deus,
551 1660 583 1688 et
604 1658 642 1686 111
659 1648 855 1685 convertisti
873 1656 928 1678 cor
945 1650 1062 1675 eorum
1080 1638 1214 1669 iterum.
1261 1629 1311 1660 38.
1336 1623 1425 1657 Ceci-

41 1709 90 1741 dit
106 1711 219 1740 autem
247 1704 338 1747 ignis
362 1701 514 1739 Domini,
542 1703 573 1732 et
600 1696 734 1730 voravit
759 1692 1008 1725 holocaustum,
1036 1686 1068 1715 et
1094 1680 1200 1720 ligna,
1228 1676 1259 1706 et
1285 1668 1427 1712 lapides,

42 1752 216 1795 pulverem
254 1758 400 1790 quoque,
446 1748 477 1777 et
515 1753 653 1785 aquam,
694 1748 782 1781 quae
820 1737 891 1768 erat
929 1732 966 1763 in
1005 1723 1223 1768 aquaeductu
1260 1713 1427 1748 lambens.

3 1818 7 1846 ',
44 1797 92 1829 39.
115 1793 214 1844 Quod
239 1803 317 1825 cum
345 1790 484 1823 vidisset
509 1786 621 1819 omnis
646 1782 803 1826 popquS,
829 1776 950 1811 cecidit
975 1774 1012 1805 in
1037 1769 1157 1802 faciem
1175 1771 1282 1797 suani,
1309 1761 1341 1790 et
1365 1755 1428 1787 ait:

45 1839 210 1872 Dominus
227 1837 297 1878 ipse
314 1838 362 1867 est
379 1834 479 1871 Deus,
505 1830 675 1863 Dominus
700 1827 771 1868 ipse
796 1826 844 1856 est
870 1821 969 1853 Deus.
1016 1815 1066 1846 40.
1091 1809 1258 1848 Dixitque
1276 1801 1369 1834 Elias
1385 1797 1429 1830 ad

47 1894 111 1916 eos:
135 1879 392 1924 Apprehendite
408 1876 590 1919 prophetas
615 1870 709 1909 Baal,
734 1872 766 1902 et
790 1878 834 1899 ne
858 1874 949 1897 unus
974 1858 1115 1902 quidem
1141 1849 1282 1891 effugiat
1307 1855 1349 1877 ex
1374 1842 1430 1874 eis.

47 1927 136 1976 Quos
163 1935 241 1974 cum
263 1920 579 1965 apprehendissent,
609 1915 712 1947 duxit
741 1923 796 1945 eos
827 1909 920 1941 Elias
951 1905 994 1937 ad
1025 1900 1226 1933 Torrentem
1258 1891 1369 1927 Cison,
1400 1887 1433 1917 et

0 1978 8 2019 ’ᾗ
48 1969 212 2020 interfecit
239 1978 293 1999 eos
320 1964 406 1998 ibi.¹⁶
451 1965 501 1995 41.
537 1962 581 1993 Et
606 1960 654 1992 ait
681 1957 776 1990 Elias
803 1954 845 1986 ad
874 1949 1009 1983 Achab:
1034 1940 1198 1977 Ascende,
1226 1932 1374 1970 comede,
1401 1932 1434 1961 et

0 2022 9 2042 Ξἶ
48 2013 136 2062 11111οε
162 2012 243 2054 quia
259 2021 361 2042 sonus
378 2006 507 2040 inultae
524 2004 662 2047 pluviae
679 2004 735 2033 est.
780 1999 831 2030 42.
857 1992 1021 2028 Ascendit
1044 1984 1174 2021 Achab,
1191 1985 1230 2014 ut
1245 1975 1434 2012 comederet

0 2067 7 2107 ’Ἰ
51 2060 82 2089 et
98 2057 240 2089 biberet:
266 2054 359 2086 Elias
385 2054 499 2084 autem
528 2046 680 2080 ascendit
706 2045 743 2076 in
771 2041 934 2074 verticem
944 2036 962 2054 ¹⁷
998 2029 1155 2066 Carmeli,
1183 2029 1215 2058 et
1241 2029 1370 2066 pronus
1396 2016 1435 2048 in

51 2103 173 2133 terram
200 2098 314 2142 posuit
340 2095 461 2128 faciem
488 2102 584 2124 suani
614 2090 703 2122 inter
719 2096 832 2129 genua
849 2093 920 2121 sua,
965 2079 1016 2111 43.
1041 2079 1071 2108 et
1100 2071 1190 2105 dixit
1217 2068 1259 2100 ad
1287 2070 1437 2107 puerum

52 2154 165 2176 suum:
204 2140 368 2178 Ascende,
406 2141 436 2170 et
473 2134 625 2179 prospice
655 2135 772 2165 contra
802 2137 906 2160 mare.
952 2121 1019 2161 Qui
1051 2128 1130 2151 cum
1161 2109 1375 2146 ascendisset,
1405 2106 1438 2135 et

52 2186 299 2228 contemplatus
337 2185 429 2221 esset,
467 2180 529 2212 ait:
576 2178 654 2210 Non
692 2178 740 2207 est
777 2171 980 2214 quidquam.
1026 2164 1071 2195 Et
1107 2167 1246 2192 rursum
1284 2152 1332 2185 ait
1369 2147 1438 2180 illi:

54 2230 231 2263 Revertere
258 2230 384 2277 septem
406 2224 548 2257 vicibus.
594 2221 645 2252 44.
669 2219 712 2251 In
739 2216 885 2258 septima.
912 2214 1027 2244 autem
1055 2206 1138 2242 vice,
1165 2211 1239 2234 ecce
1266 2191 1440 2230 nubecula

55 2285 159 2323 parua
175 2283 272 2315 quaSi
288 2269 472 2311 vestigium
489 2264 641 2298 hominis
657 2260 859 2295 ascendebat
883 2256 924 2288 de
951 2251 1049 2285 mari.
1096 2247 1164 2286 Qui
1190 2244 1251 2276 ait:
1277 2236 1440 2274 Ascende,

56 2320 86 2350 et
102 2317 156 2350 dic
172 2314 305 2348 Achab:
330 2313 443 2354 ‚Iunge
460 2319 599 2343 currum
626 2310 727 2339 tuum
756 2307 788 2336 et
814 2298 989 2337 descende,
1015 2305 1059 2327 110
1085 2291 1225 2332 occupet
1251 2290 1283 2317 te
1310 2280 1440 2327 pluvia.

262 2366 401 2400 &canen
421 2363 466 2398 ᾧῐ.
480 2361 591 2396 &ditia
610 2359 644 2388 21.
657 2358 723 2390 ssest.
750 2354 791 2384 Π.
1224 2345 1256 2369 12
