1527 2538
106 42 162 71 314

110 136 191 170 dicit
210 133 390 167 Dominus:
416 130 480 162 IIis
497 126 679 161 ventilabis
694 124 841 167 Syriam,
862 121 969 154 donec
986 122 1138 152 conteras
1154 127 1239 150 eam.
1276 116 1326 148 11.
1348 114 1438 149 om

110 191 176 223 que
206 177 388 221 prophetae
417 173 575 206 similiter
613 167 872 213 prophetabant,
910 168 1014 206 atque
1052 161 1225 195 dicebant:
1265 155 1438 201 Ascende,

112 221 258 256 Raniotli
277 218 416 256 (lalandy
443 222 473 250 et
501 213 756 259 prosperaberis,
784 214 816 243 et
831 208 942 242 tradet
958 218 1012 239 eos
1029 205 1199 237 Dominus
1215 203 1251 235 in
1269 213 1376 235 manu
1390 209 1441 241 r=j

113 270 160 300 12.
187 265 335 297 Nuntius
352 268 475 298 autem,
491 259 550 302 qui
569 258 651 290 ierat
669 255 710 288 ad
729 252 922 287 vocandum
941 249 1143 286 Michaeam,
1160 247 1209 280 ait
1224 246 1289 279 illi:
1316 246 1369 279 En

111 310 266 342 oninium
285 305 526 349 prophetarum
544 312 613 334 uno
629 311 685 333 ore
701 299 789 331 bona
817 297 886 338 regi
915 293 1141 327 annuntiant:
1166 300 1291 333 quaeso
1307 299 1387 332 ergo
1422 304 1452 335 ;Ὺ

112 359 142 385 et
170 362 278 384 serino
306 356 383 382 tuns
411 347 453 380 ab
478 347 525 379 eis
557 355 625 377 non
659 342 846 379 dissentiat,
879 337 1099 381 loquarisque
1126 344 1294 378 prospera.
1341 333 1392 366 13.
1432 337 1452 361 θ’

113 394 282 438 respondit
312 392 495 425 Michaeas:
532 388 629 420 Vivit
657 386 835 422 Dominus,
866 382 948 425 quia
979 379 1222 423 quodcumque
1249 377 1375 409 dixerit
1401 375 1481 412 m'zQ-

114 440 204 472 Deus
235 447 338 475 nicus,
376 435 441 467 hoe
478 433 606 475 loquar.
654 431 702 462 14.
743 427 847 460 Venit
884 436 963 468 ergo
997 423 1040 456 ad
1072 433 1196 464 regem.
1242 421 1303 453 Cui
1337 430 1397 453 rex
1432 423 1458 457 ζ

114 482 276 519 Michaea,
305 481 351 511 ire
375 478 536 511 debemus
554 476 589 507 in
608 472 757 507 Ramoth
775 469 907 504 Galaad
924 468 966 501 ad
983 466 1198 504 bellandum,
1225 475 1270 497 au
1298 464 1433 507 quiesce
1448 470 1460 500 ’ς

113 526 174 558 Cui
209 524 264 556 ille
302 521 488 565 respondit:
527 517 722 551 Ascendite:
761 516 892 547 Cuncta
930 512 1021 545 enim
1061 519 1219 553 prospera
1257 507 1424 547 evenient,
1448 507 1459 520 “·

113 569 290 602 tradentur
321 566 430 597 hostes
461 564 496 596 in
529 573 651 595 manns
678 564 812 593 vestras
860 558 908 589 15.
943 554 1109 596 Dixitque
1137 564 1211 585 rex:
1237 551 1366 584 Iterum
1390 553 1460 601 atq

115 614 237 645 iterum
255 618 286 642 te
303 610 431 651 adjuro,
456 612 494 639 ut
520 606 604 638 1111111
624 615 690 637 11011
710 601 870 645 loquaris,
896 599 960 632 nisi
988 597 1080 641 quod
1098 606 1219 629 verum
1236 599 1285 627 est
1300 595 1337 627 in
1354 603 1433 627 nom
1459 618 1463 621 .

116 655 264 688 Domini.
311 655 359 685 10.
384 653 429 684 At
442 650 499 683 ille
516 650 577 682 ait:
603 648 683 680 Vidi
702 647 902 679 universum
922 642 1025 675 Israel
1044 640 1233 683 dispersum
1253 639 1288 671 in
1306 636 1440 671 montib
1449 649 1464 672 11

114 700 198 731 sieut
217 708 294 730 oves
310 696 436 738 absque
454 699 598 737 pastore:
622 696 654 724 et
680 690 768 723 dixit
794 688 978 721 Dominus:
1004 685 1080 717 Non
1107 683 1235 716 habent
1251 682 1306 715 isti
1323 681 1434 714 domi·
1450 685 1463 708 ι’

116 747 303 775 revertatur
320 739 555 781 unusquisque
572 737 608 768 in
625 735 766 767 domum
784 742 882 764 suam
899 732 935 763 in
954 740 1042 772 pace.
1089 729 1139 760 17.
1164 727 1208 759 Et
1234 727 1283 758 ait
1308 736 1367 758 rex
1390 724 1460 757 Isr
1508 763 1509 769 ἵ

115 786 158 818 ad
172 784 349 826 Josnphat:
375 783 496 815 Nonne
518 780 589 812 dixi
611 778 684 817 tibi,
701 776 792 820 quod
810 785 879 807 non
893 773 1111 817 prophetaret
1124 771 1186 803 iste
1199 770 1286 802 mihi
1300 768 1460 812 quidqu,

117 829 207 867 boni,
223 827 278 860 sed
296 839 343 860 ea.
359 837 446 869 quae
463 824 554 856 mala
571 823 671 855 sunt'.>
717 823 766 853 13.
790 820 837 851 At
859 818 927 855 ille.
955 816 1096 854 Idcirco,
1124 815 1181 853 ait,
1208 813 1325 846 audite
1352 812 1434 846 verb
1456 824 1461 849 ¹5

119 870 290 905 1)0]]]11]1;3
314 870 394 902 Vidi
414 869 601 901 Dominum
619 865 791 898 sedentem
819 863 856 895 in
883 861 967 902 solio
995 871 1066 898 SUO,
1094 863 1126 891 et
1152 868 1289 890 omnem
1308 855 1464 889 exercit·-

117 915 199 948 cacli
217 915 425 947 assistentem
442 912 471 944 ei
489 922 508 943 a
524 910 652 942 dextris
669 913 700 941 et
717 920 735 940 a
751 905 906 939 sinistris.
954 905 1003 937 19.
1028 903 1071 935 Et
1093 902 1183 935 dixit
1200 901 1385 933 Dominus:
1409 898 1440 939 Q
1460 898 1470 933 ts:

117 959 261 1000 decipiet
278 956 396 989 Achab
413 966 525 998 regem
545 953 645 986 Israel
663 956 699 984 ut
716 950 877 984 ascendat
903 952 935 981 et
962 950 1098 980 corruat
1120 946 1157 978 in
1175 944 1326 977 Ramoth
1345 942 1442 976 Gala.

118 1006 273 1044 Cumque
289 1001 413 1033 diceret
430 1009 519 1031 unus
536 997 598 1029 hoc
616 996 725 1034 modo,
753 999 785 1027 et
810 994 894 1026 alter
922 992 1004 1025 alio:
1051 991 1101 1022 20.
1126 988 1286 1032 processit
1301 987 1451 1030 spiritus,
1472 1002 1474 1004 ·

117 1046 206 1078 stetit
223 1056 333 1077 coram
355 1044 511 1077 Domino.
536 1046 567 1074 et
587 1041 648 1072 ait:
674 1040 745 1082 Ego
762 1036 930 1079 decipiam
948 1043 1037 1067 eum.
1084 1033 1147 1065 Cui
1165 1032 1346 1071 Dominus,
1361 1030 1404 1063 In
1420 1040 1441 1080 q
1464 1042 1471 1063 ι,
1508 1034 1509 1038 ’

119 1090 242 1131 inquit.
273 1088 439 1130 decipies?
484 1086 534 1117 21.
574 1085 618 1116 At
657 1083 714 1115 ille
752 1080 941 1124 respondit:
981 1077 1157 1120 Egrediar,
1194 1080 1228 1108 et
1265 1085 1321 1108 ero
1359 1073 1475 1117 spiri

119 1132 266 1165 mendax
285 1131 319 1163 11]
338 1142 392 1163 ore
405 1129 559 1162 omnium
575 1127 817 1170 prophetarum
832 1124 911 1166 ejus.
945 1122 1111 1163 Dixitque
1125 1120 1308 1153 Dominus:
1333 1116 1467 1160 Decipi«v

119 1183 148 1208 et
181 1174 404 1218 praevalebis:
429 1173 593 1215 egredere.
625 1176 657 1203 et
687 1171 738 1202 sac
769 1169 825 1201 ita.
872 1168 921 1199 22.
946 1166 1048 1198 Nunc
1078 1164 1194 1206 igitur,
1225 1173 1299 1196 ecee
1330 1161 1473 1198 Domin

120 1219 211 1252 dedit
242 1218 400 1261 spiritum
433 1215 601 1249 mendacii
640 1215 676 1246 111
716 1224 771 1245 ore
809 1212 967 1244 omnium
1006 1208 1251 1252 prophetarum
1283 1210 1433 1244 tuorum,
1461 1220 1476 1226 ·
1502 1233 1508 1242 ,Ἰ

122 1263 288 1295 Dominus
316 1261 447 1293 locutus
474 1264 521 1292 est
548 1259 589 1290 de
616 1262 648 1290 te.
676 1256 774 1289 mala.
822 1256 871 1287 23.
903 1253 1051 1286 Accessit
1082 1256 1198 1284 autem
1224 1249 1378 1283 Sedecias
1408 1248 1481 1282 fili
1507 1246 1509 1254 ’

121 1306 316 1343 Clianaana,
347 1310 377 1337 et
409 1303 569 1346 percussit
588 1300 761 1333 Mic-haeae
786 1298 978 1336 maxillam,
1017 1300 1049 1329 et
1086 1295 1149 1328 ait:
1189 1295 1253 1327 Per
1276 1303 1381 1336 quam
1407 1292 1462 1325 via
1508 1290 1509 1294 ’

122 1350 280 1382 transivit
310 1348 455 1390 Spiritus
488 1345 625 1378 Domini
659 1356 677 1377 a
709 1355 772 1382 me,
810 1348 848 1375 ut
886 1342 1083 1384 loqueretur
1113 1338 1199 1371 tibi?
1244 1338 1294 1369 24.
1334 1336 1500 1379 Dixitq

123 1393 307 1425 Michaeas:
332 1391 382 1423 'su
402 1392 470 1433 ipse
487 1388 618 1421 ridebis
635 1389 670 1420 in
688 1387 742 1420 die
758 1386 829 1424 illo,
845 1384 985 1428 quando
1002 1384 1173 1425 ingressus
1186 1381 1289 1414 fueris
1302 1379 1482 1414 cubiculu
1495 1376 1509 1414 :J

124 1437 164 1468 «le
191 1435 346 1468 cubiculo
374 1440 411 1466 ut
437 1433 661 1466 abscondaris.
709 1433 758 1463 25.
785 1429 958 1471 Praecepit
988 1432 1103 1460 autem
1135 1436 1194 1458 rex
1227 1423 1342 1463 Israel,
1372 1423 1446 1456 dice
1460 1420 1478 1460 J
1500 1423 1509 1438 '¹

123 1479 246 1512 Tollite
264 1479 463 1517 Michaeam,
479 1482 511 1509 et
527 1477 640 1509 (lucre
656 1486 731 1507 111111
751 1474 793 1507 ad
812 1475 926 1505 Amon
943 1471 1134 1515 principem
1152 1468 1311 1507 civitatis,
1320 1471 1353 1500 et
1368 1466 1412 1499 ad
1424 1466 1483 1502 Josl,
1501 1463 1509 1500 ὓ

125 1523 235 1555 tilium
268 1521 439 1554 Ameleeli.
485 1522 533 1553 2⁴3.
574 1519 616 1551 Et
646 1519 777 1551 dicetis:
817 1517 911 1549 Haec
950 1515 1035 1548 dicit
1072 1525 1146 1547 rex:
1185 1512 1312 1544 Mittite
1341 1510 1435 1543 hunc
1474 1517 1482 1536 1

125 1576 300 1604 carcerem,
317 1570 348 1597 et
364 1565 439 1597 date
456 1564 483 1596 ei
504 1564 600 1606 panis
617 1562 800 1600 modicum,
826 1565 857 1593 et
882 1570 991 1602 aquae
1008 1557 1215 1601 pauxillum,
1231 1556 1338 1588 donec
1355 1564 1433 1587 reve
1471 1567 1475 1581 :
1508 1550 1509 1554 ’

127 1610 162 1641 in
191 1620 279 1651 pace.
325 1611 374 1641 27.
411 1608 575 1649 Dixitque
602 1606 785 1638 Michaeas:
810 1604 837 1637 si
867 1613 1019 1636 reversus
1046 1601 1150 1634 fueris
1177 1600 1211 1632 in
1241 1609 1332 1642 pace,
1359 1608 1427 1631 non
1461 1609 1481 1626 :¹-
1508 1595 1509 1601 ¹

126 1653 258 1685 locutus
287 1652 453 1683 Dominus
483 1651 518 1683 in
552 1661 613 1682 nie.
660 1649 703 1681 Et
733 1650 794 1681 ait:
830 1647 958 1679 Audite
985 1656 1102 1678 omnes
1134 1643 1262 1687 populi.
1308 1642 1358 1675 28.
1392 1641 1409 1673 1
1437 1640 1475 1674 't

126 1696 349 1728 ascenderunt
381 1706 437 1727 rex
470 1694 583 1731 Israel,
621 1697 652 1725 et
690 1691 854 1735 -Josaphat
886 1702 945 1723 rex
976 1690 1067 1723 Juda
1105 1688 1142 1720 in
1182 1685 1332 1719 Raxnoth
1364 1684 1413 1718 Ga
1436 1684 1510 1713 z:·.³'

127 1741 177 1772 21³.
203 1739 365 1780 Dixitque
384 1749 439 1770 rex
459 1738 559 1769 lsrael
579 1737 619 1769 ad
635 1736 812 1779 Josapliat:
838 1734 979 1767 Mutabo
993 1733 1162 1771 habitum,
1178 1735 1211 1763 et
1227 1730 1274 1763 sic
1290 1729 1334 1762 ad
1351 1738 1469 1772 pugna
1478 1742 1501 1762 c

127 1783 261 1821 vadam,
287 1788 321 1814 tu
349 1787 460 1814 autem
489 1781 629 1813 induere
655 1780 803 1812 vestibus
828 1779 904 1810 tuis.
951 1778 1152 1818 Mutatoque
1174 1785 1234 1807 rex
1252 1772 1355 1806 Israel
1373 1771 1455 1805 habi
1504 1772 1511 1811 Γ,

128 1827 218 1858 venit
237 1826 277 1857 ad
297 1826 434 1857 bellum.
481 1827 529 1857 3⁴).
555 1824 627 1856 Rex
656 1829 770 1856 autem
798 1822 915 1864 Syriae
941 1823 1156 1864 praeceperat
1172 1817 1318 1850 ducibus
1333 1815 1485 1859 equita

125 1871 187 1907 sui,
204 1870 331 1901 dicens:
359 1869 406 1901 Ne
434 1868 591 1910 pugnetis
618 1873 735 1899 contra
763 1866 961 1901 minimum,
988 1868 1049 1897 aut
1076 1866 1193 1896 contra
1219 1857 1487 1898 maximum,n

127 1920 244 1945 contra
276 1923 384 1954 regem
423 1911 532 1944 Israel.
578 1913 628 1943 31.
668 1911 788 1952 ltaque
826 1920 904 1941 cum
937 1908 1103 1940 vidissent
1134 1905 1306 1949 principes
1336 1902 1452 1946 equita
1470 1898 1476 1905 ’
1507 1899 1509 1902 ’

127 1957 302 1998 Josapliat,
340 1956 515 1987 dixerunt:
555 1954 627 1987 Rex
668 1953 770 1985 Israel
810 1957 858 1985 est
896 1953 966 1985 iste.
1014 1951 1058 1983 Et
1095 1948 1394 1983 circumdederunt
1427 1955 1482 1979 eu

127 2000 342 2032 dimicantes:
368 2005 399 2030 at
429 1999 484 2030 illc
512 1998 674 2030 clamavit
702 1997 744 2029 ad
774 1997 974 2034 Dominum,
1001 2001 1033 2027 et
1060 1994 1250 2027 auxiliatus
1276 1995 1326 2024 est
1340 1990 1381 2030 ei,
1406 1993 1477 2032 atq
1503 1999 1509 2023 2-

128 2043 250 2076 avertit
276 2054 330 2075 eos
355 2042 396 2074 al.
417 2042 484 2074 illo.
531 2043 580 2074 32.
605 2042 690 2073 Cum
710 2041 801 2073 enim
820 2039 985 2072 vidissent
1002 2039 1104 2071 duces
1121 2036 1303 2079 equitatus,
1328 2032 1420 2077 quod
1435 2042 1483 2073 11ιρ
1502 2036 1509 2054 ’1

127 2092 211 2119 esset
228 2097 285 2118 rex
304 2086 418 2123 lsrael,
446 2085 656 2127 reliquerunt
674 2095 762 2116 eum.
808 2084 858 2116 33.
883 2082 1020 2115 Accidit
1040 2086 1155 2114 autern
1182 2084 1221 2113 ut
1237 2088 1335 2118 ,unus
1350 2088 1368 2111 e
1382 2087 1450 2120 pop
1500 2073 1509 2113 j

129 2131 288 2173 sagittam
318 2129 352 2160 11]
382 2129 547 2161 incertum
561 2129 696 2169 jaceret,
722 2131 755 2160 et
781 2131 969 2169 percuteret
986 2136 1099 2169 regem
1117 2122 1221 2157 Israel
1238 2122 1327 2155 inter
1342 2120 1484 2154 cervice
1506 2122 1510 2142 V

128 2180 159 2206 et
176 2172 340 2216 scapulas,
365 2178 399 2204 at
425 2172 481 2204 ille
508 2172 646 2213 aurigae
673 2181 734 2203 suo
750 2171 812 2203 ait:
837 2171 1004 2203 Converte
1021 2178 1165 2201 manum
1183 2171 1290 2205 tuam,
1305 2168 1338 2198 et
1354 2164 1440 2197 educ
1475 2178 1508 2196 ιη

128 2217 170 2250 de
203 2217 284 2254 acie,
319 2216 401 2258 qnia
433 2215 631 2248 vulneratus
657 2225 744 2247 suni.
790 2215 840 2246 34.
874 2214 917 2246 Et
945 2213 1043 2246 finita
1070 2216 1119 2245 est
1145 2220 1264 2254 pugna
1288 2209 1326 2241 in
1352 2207 1408 2241 die

129 2271 228 2304 porro
244 2270 301 2292 rex
322 2258 422 2291 lsrael
451 2258 560 2291 stabat
587 2258 622 2290 in
652 2269 753 2290 curru
781 2268 842 2290 suo
869 2262 987 2290 contra
1013 2256 1115 2299 Syros
1140 2264 1248 2297 usque
1264 2252 1308 2286 ad
1325 2260 1478 2295 vespera

129 2309 161 2337 et
178 2308 334 2336 mortuus
349 2307 398 2335 est
414 2302 585 2334 occidente
608 2300 686 2334 sole.
1479 2315 1482 2318 ,
