1527 2538
0 2228 3 2308 l

1317 53 1373 81 159

570 167 694 216 Capul
738 162 788 200 X.

35 278 62 309 1.
86 275 151 308 Sed
176 277 208 305 et
236 271 369 313 Regina
393 266 506 305 Saba)
532 265 650 298 audita
675 264 766 294 fama
794 258 986 293 Salomonis
1003 255 1056 296 in.',
1068 254 1207 286 nomine
1226 250 1377 288 Domini,

0 320 85 354 venit
113 322 243 351 tentare
271 325 349 347 eum
378 313 414 344 in
443 306 723 352 aenigmatibus.2
769 306 797 336 2.
823 304 865 335 Et
894 304 1044 343 ingressa
1061 297 1249 331 Jerusalem
1268 294 1378 326 multo

0 375 71 398 eum
103 361 276 396 comitatu,
315 362 347 390 et
380 355 521 391 divitiis,
560 351 698 385 camelis
730 347 945 391 portantibus
984 346 1146 379 aromata,
1185 345 1216 372 et
1255 348 1377 370 aurum

0 407 170 440 infinitum
188 403 301 439 nimis,
330 405 361 433 et
387 409 540 441 gemmas
568 395 739 438 pretiosas,
768 392 863 424 venit
890 390 932 422 ad
962 398 1075 427 regem
1104 385 1333 419 Salomonem,
1350 385 1382 412 et

0 452 108 484 locuta
123 452 171 481 est
199 448 227 479 ei
256 446 417 478 universa
445 452 532 484 quae
560 439 708 472 habebat
735 437 771 468 in
800 434 898 467 corde
926 431 1013 464 suo.³
1059 431 1087 461 3.
1112 429 1155 460 Et
1176 427 1292 459 docuit
1307 435 1383 456 eam

0 494 154 528 Salomon
183 490 300 523 omnia
328 487 440 525 verba,
467 496 555 527 quae
580 484 814 525 proposuerat:
844 489 913 509 non
942 476 1005 507 fuit
1035 484 1153 509 sermo,
1181 471 1241 512 qui
1270 479 1383 510 regem

0 541 104 582 posset
135 536 248 571 latere,
278 537 310 565 et
341 542 410 563 11011
442 527 660 571 responderet
691 526 730 557 ei.
776 524 804 554 4.
838 521 969 554 Videns
1001 523 1115 550 autem
1148 515 1266 556 regina
1297 512 1386 544 Saba

0 591 134 614 omnem
162 577 365 620 sapientiam
393 571 594 608 Salomonis
622 575 654 602 et
681 569 834 605 domum,
863 575 967 607 quam
996 561 1244 595 aedificaverat,
1291 557 1318 588 5.
1354 560 1387 587 et

0 625 89 658 cibos
116 633 252 655 mensae
279 621 359 661 ejus,
388 622 419 649 et
447 614 643 648 habitacula
672 621 858 647 servorum,
885 612 918 640 et
945 607 1082 638 ordines
1101 601 1388 637 ministrantium,

0 672 173 709 vestesque
189 675 317 702 eorum,
345 666 377 694 et
404 661 594 703 pincernas,
621 661 654 689 et
681 655 887 689 holocausta,
916 662 1002 693 quae
1031 647 1192 681 offerebat
1220 646 1255 676 in
1285 644 1387 674 domo

3 711 156 744 Domini:
181 720 249 741 non
279 706 427 739 habebat
455 704 545 735 ultra
572 701 748 743 spiritum;
795 699 823 729 6.
859 696 1016 736 dixitque
1042 692 1085 724 ad
1114 700 1244 732 regem:
1278 687 1388 719 Verus

2 759 49 788 est
64 765 183 792 sermo,
205 763 307 794 quem
325 749 444 782 audivi
462 748 498 779 in
517 751 605 778 terra
624 755 698 776 mea
745 744 772 775 7.
797 751 898 782 super
914 736 1128 770 sermonibus
1145 733 1222 771 tuis,
1240 736 1271 763 et
1287 741 1388 772 super

2 798 167 841 sapientia
194 801 267 828 tua:
292 798 324 826 et
352 804 420 825 non
449 790 627 823 credebam
652 785 874 819 narrantibus
903 781 1001 819 mihi,
1029 780 1134 811 donec
1162 778 1235 819 ipsa
1251 775 1341 813 veni,
1358 779 1390 805 et

3 842 73 875 vidi
91 841 197 874 oculis
214 839 307 877 111015,
335 842 367 869 et
394 835 533 878 probavi
562 832 654 875 quod
679 830 792 862 media
810 839 886 870 pars
903 825 990 857 mihi
1008 823 1168 855 nuntiata
1186 831 1254 852 11011
1272 817 1388 850 fuerit:

5 887 111 928 major
127 889 175 917 est
191 882 358 925 sapientia
386 884 418 911 et
445 889 545 921 opera
569 882 638 913 tua,
667 885 771 917 quam
790 882 916 907 rumor⁷
944 879 1047 910 quem
1065 865 1194 898 audivi.
1241 864 1269 895 S.
1295 861 1391 893 Beati

4 930 68 962 viri
88 929 146 967 tui,
162 932 194 959 et
210 926 298 959 beati
316 924 403 957 servi
421 923 482 959 tui,
499 921 559 963 qui
577 923 667 951 stant
684 928 796 950 coram
815 920 846 947 10
863 924 1004 955 semper,
1032 915 1064 943 et
1091 909 1240 941 audiunt
1257 906 1388 948 sapien-

5 973 87 1006 tiam
103 976 209 1004 tuam.
255 971 283 1002 9.
307 969 357 1001 Sit
387 966 555 999 Dominus
574 964 663 995 Deus
680 966 760 993 tuus
776 959 985 991 benedictus,
1013 955 1067 987 cui
1096 950 1341 994 complacuisti,
1358 952 1391 980 et

6 1017 116 1060 posuit
142 1019 174 1047 te
201 1024 302 1056 super
328 1012 492 1044 thronum
524 1007 636 1045 Israel,
665 1017 702 1038 eo
730 1003 820 1046 quod
849 1000 1009 1034 dilexerit
1038 997 1207 1029 Dominus
1233 992 1337 1026 Israel
1354 992 1392 1023 in

7 1060 263 1102 sempiternum,
290 1060 321 1088 et
347 1054 523 1087 constituit
550 1057 581 1083 te
609 1060 732 1090 regem,
760 1051 799 1079 ut
825 1042 1133 1085 faceresjudicium
1162 1043 1193 1071 et
1211 1037 1391 1080 justitiam.

8 1105 56 1136 10.
81 1103 183 1135 Dedit
199 1112 277 1143 ergo
294 1100 364 1142 regi
382 1102 518 1130 centum
536 1094 661 1137 viginti
680 1093 808 1124 talenta
825 1089 911 1127 auri,
933 1092 963 1120 et
981 1088 1134 1119 aromota
1151 1082 1261 1114 multa
1278 1080 1393 1118 nimis,

9 1152 39 1180 et
54 1157 206 1189 gemmas
223 1144 397 1187 pretiosas:
423 1152 492 1173 non
509 1144 589 1171 sunt
605 1138 709 1170 allata
727 1135 817 1167 ultra
834 1136 987 1165 aromata
1003 1134 1073 1161 tam
1093 1127 1212 1164 multa,
1230 1135 1333 1167 quam
1353 1134 1392 1155 ea

10 1202 94 1234 quae
111 1190 204 1222 dedit
220 1188 339 1229 regina
355 1186 441 1218 Saba
460 1184 529 1225 regi
547 1180 732 1214 Salomoni.
781 1180 828 1210 11.
854 1176 931 1217 (Sed
959 1179 991 1206 et
1018 1172 1132 1205 classis
1149 1170 1284 1206 Hiram,
1307 1178 1394 1209 quae

9 1234 163 1277 portabat
178 1243 303 1265 aurum
330 1231 371 1262 de
397 1228 518 1271 Ophir,
544 1225 661 1258 attulit
687 1235 728 1256 ex
746 1222 856 1264 Ophir
872 1220 968 1261 ligna
985 1216 1125 1258 thyina⁴
1150 1213 1261 1246 multa
1280 1211 1396 1249 nimis,

11 1282 42 1311 et
56 1288 208 1320 gemmas
225 1275 395 1318 pretiosas.
443 1272 491 1303 12.
518 1270 678 1310 Fecitque
703 1278 761 1299 rex
791 1266 831 1297 de
859 1263 963 1304 lignis
990 1260 1123 1302 thyinis
1148 1257 1256 1290 fulcra
1274 1256 1396 1287 domus

13 1320 179 1359 1)οι111111,5
202 1323 234 1351 01
261 1319 384 1350 domus
409 1316 529 1357 regiae,
557 1317 589 1345 et
617 1312 764 1344 citharas
791 1309 951 1350 lyrasque
979 1303 1189 1337 cantoribus:
1218 1311 1286 1331 11011
1316 1302 1397 1330 sunt

13 1365 114 1398 allata
130 1361 367 1403 hujuscemodi
384 1361 479 1401 ligna
498 1358 630 1399 thyina,
656 1365 766 1395 neque
784 1353 856 1384 visa
873 1360 980 1392 usque
996 1349 1033 1380 in
1051 1348 1261 1389 praesentem
1280 1343 1396 1379 diem.)

14 1409 62 1441 13.
85 1408 158 1440 Rex
191 1410 305 1439 autem
337 1404 499 1436 Salomon
532 1401 625 1433 dedit
656 1398 794 1439 reginae
825 1395 912 1427 Saba
945 1392 1062 1425 omnia
1094 1400 1181 1432 quae
1212 1387 1332 1424 voluit,
1363 1389 1396 1417 et

14 1452 132 1495 petivit
148 1451 190 1483 ab
208 1462 259 1482 eo:
285 1448 433 1490 exceptis
459 1446 521 1483 his,
547 1455 634 1487 quae
657 1442 746 1474 ultro
764 1439 933 1472 obtulerat
949 1437 978 1468 ei
997 1445 1138 1467 munere
1155 1432 1256 1473 regio.
1302 1430 1398 1468 Quae

5 1506 145 1528 ⁴reversa
170 1499 226 1530 est,
255 1497 286 1525 et
311 1492 396 1524 abiit
422 1491 457 1522 in
483 1494 607 1521 terram
634 1497 730 1518 suam
758 1494 836 1515 cum
863 1481 968 1514 servis
984 1479 1062 1511 suis.
1110 1478 1158 1508 14.
1185 1476 1267 1507 Erat
1283 1478 1395 1506 autem

17 1539 146 1582 pondus
156 1538 241 1574 auri,
258 1536 349 1579 quod
363 1533 566 1566 afferebatur
580 1527 772 1563 Salomoni‘3
790 1538 847 1569 per
860 1536 968 1557 annos
981 1521 1144 1564 singulos,
1161 1522 1398 1551 sexcentorum

18 1583 192 1624 sexaginta
218 1592 276 1613 sex
304 1579 510 1611 talentorum
529 1575 619 1608 auri:
667 1574 716 1604 15.
740 1574 879 1612 excepto
907 1580 954 1606 eo,
983 1566 1074 1609 quod
1103 1563 1290 1596 afferebant
1306 1559 1400 1598 viri,⁷

0 1659 1 1663 ,
19 1627 75 1669 qui
91 1636 191 1667 super
207 1623 387 1665 vectigalia
404 1625 510 1659 erant,
527 1624 559 1651 et
576 1617 809 1659 negotiatores,
835 1611 1056 1652 universique
1073 1612 1185 1640 scruta
1202 1605 1397 1641 vendentes,

0 1673 180 1702 ’0101111105
204 1679 297 1710 reges
323 1665 479 1703 Arabiae,
505 1664 674 1703 ducesque
699 1657 834 1691 terrae.8
880 1657 928 1687 16.
954 1654 1047 1686 Fecit
1072 1662 1208 1694 quoque
1234 1660 1292 1681 rex
1310 1647 1401 1680 Salo—

21 1723 98 1745 mon
123 1713 269 1744 ducenta
294 1708 405 1742 scuta⁹
429 1708 469 1739 de
497 1717 579 1739 auro
605 1714 796 1746 purrssnno,
822 1704 996 1733 sexcentos
1021 1696 1096 1729 auri
1125 1694 1222 1727 siclos
1248 1692 1342 1725 dedit
1362 1691 1401 1723 in

21 1756 164 1788 laminas
201 1755 287 1787 scuti
325 1751 467 1785 unius.¹⁰
513 1752 561 1783 17.
602 1749 645 1781 Et
682 1750 846 1779 trecentas
885 1741 1016 1785 peltas¹¹
1051 1752 1092 1772 ex
1130 1748 1214 1770 auro
1245 1736 1401 1779 probato:

23 1803 184 1832 trecentae
210 1799 324 1830 minae
350 1795 454 1828 auri¹2
478 1804 584 1826 unam
610 1792 737 1834 peltam
764 1787 968 1824 vestiebant:
994 1784 1174 1827 posuit-que
1200 1792 1254 1812 eas
1280 1790 1339 1811 rex
1365 1778 1401 1809 in

23 1843 120 1875 domo
136 1843 240 1875 saltus
262 1841 394 1873 Libani.
442 1840 491 1870 18.
517 1837 610 1869 Fecit
635 1835 737 1867 etiam
765 1844 823 1864 rex
849 1830 1011 1863 Salomon
1036 1828 1201 1859 thronum
1219 1825 1260 1856 de
1276 1820 1403 1855 ebore¹3

24 1887 199 1929 grandem:
239 1889 270 1917 et
301 1883 438 1916 vestivit
469 1892 547 1914 eum
579 1890 662 1912 auro
694 1877 788 1909 fulvo
819 1875 934 1913 nimis,
980 1873 1029 1904 19.
1069 1870 1128 1912 qui
1167 1867 1313 1900 habebat
1346 1877 1403 1897 sex

25 1930 160 1972 gradus:
185 1933 217 1961 et
243 1928 423 1960 summitas
450 1924 566 1957 throni
594 1921 742 1955 rotunda
769 1924 840 1951 erat
866 1918 902 1949 111
931 1921 1026 1959 parte
1042 1912 1233 1957 posteriori:
1258 1914 1290 1942 et
1317 1909 1405 1941 duae

27 1984 145 2005 manus
170 1973 250 2005 hine
275 1976 378 2013 atque
403 1969 483 2001 inde
509 1971 660 2000 tenentes
685 1963 803 1996 sedile:
834 1966 866 1994 et
891 1961 959 1992 duo
984 1959 1097 1991 leones
1122 1953 1286 1988 stabantM
1305 1954 1407 1995 juxta

28 2027 146 2066 manus
170 2015 331 2058 singulas.
379 2014 428 2045 20.
457 2013 500 2044 Et
527 2009 707 2042 duodecim
736 2005 889 2039 leunculi
916 2008 1042 2035 stantes
1070 2011 1170 2043 super
1197 2010 1255 2030 sex
1280 1996 1407 2039 gradus

29 2059 107 2092 lune
123 2064 224 2102 atque
241 2059 334 2091 inde:
359 2068 428 2088 non
446 2060 494 2087 est
510 2056 638 2086 factum
655 2052 721 2084 tale
738 2061 823 2092 opus
848 2049 884 2080 in
910 2046 1080 2087 universis
1100 2043 1222 2085 regnis
1269 2042 1318 2072 21.
1343 2039 1408 2071 Sed

31 2106 61 2135 et
75 2104 190 2136 omnia
217 2113 307 2140 vasa,
335 2101 461 2143 quibus
477 2097 616 2141 potabat
641 2107 700 2128 rex
726 2094 897 2130 Salomon,
925 2093 1022 2122 erant
1048 2098 1164 2120 aurea:
1189 2090 1221 2118 et
1247 2085 1410 2117 universa

31 2147 179 2188 supellex
205 2147 325 2178 domus
350 2144 456 2176 saltus
482 2140 605 2173 Libani
634 2140 675 2172 de
702 2149 785 2170 auro
810 2135 1007 2178 purissimo:
1033 2143 1102 2164 non
1128 2134 1200 2163 erat
1219 2132 1411 2170 argentum,

33 2200 91 2222 nee
106 2190 249 2231 alicujus
266 2188 364 2231 pretii
382 2186 567 2229 putabatur
583 2185 619 2215 in
637 2182 756 2214 diebus
772 2178 974 2215 Salomonis,
1021 2177 1070 2208 22.
1095 2174 1177 2216 quia
1194 2172 1308 2205 classis
1325 2170 1412 2211 regis

33 2243 90 2276 per
106 2244 196 2265 mare
213 2243 291 2264 cum
315 2232 419 2263 classe
451 2229 576 2261 Hiram
608 2225 710 2258 Semel
742 2235 801 2267 per
832 2227 898 2254 tres
929 2231 1037 2253 annos
1067 2219 1139 2250 ibat
1170 2218 1206 2249 in
1237 2212 1416 2251 Tharsis,¹⁵

35 2275 183 2308 deferens
199 2276 279 2307 inde
296 2285 430 2312 aurum,
446 2278 478 2305 et
495 2275 687 2313 argentum,
713 2272 745 2300 et
770 2268 886 2299 dentes
903 2264 1175 2306 elephantorum,
1193 2263 1224 2291 et
1240 2259 1367 2294 simias,
1384 2260 1418 2288 et

37 2329 145 2369 pavos:
191 2320 242 2351 23.
266 2318 506 2360 Magnificatus
532 2318 580 2346 est
596 2324 674 2355 ergo
692 2323 750 2344 rex
769 2310 930 2343 Salomon
948 2318 1048 2349 super
1065 2316 1182 2338 omnes
1199 2313 1291 2344 reges
1308 2306 1415 2333 terrae

37 2362 174 2404 divitus,
201 2366 233 2397 et
259 2361 436 2405 sapientia.
482 2360 532 2392 24.
558 2358 600 2391 Et
627 2357 785 2390 universa
811 2358 900 2386 terra
925 2349 1139 2384 desiderabat
1164 2346 1301 2380 vultum
1328 2344 1420 2376 Salo-
