1527 2538
1248 52 1264 79 10

1269 51 1305 80 Ξ.

490 165 617 215 Caput
651 161 739 199 XV.

24 273 117 306 Fecit
144 279 279 313 quoque
307 267 371 299 sibi
400 265 517 297 domos
544 263 580 294 in
610 261 755 293 Civitate
773 256 900 290 David:
926 257 958 287 et
985 249 1310 285 aedificavitlocum

0 329 24 351 ie
40 317 112 356 Dei,
127 313 339 354 tetenditque
356 310 386 342 ei
403 306 673 341 tabernaculum.
720 304 748 334 2.
772 302 870 333 Tunc
887 298 976 331 dixit
994 295 1122 328 David:
1148 293 1310 325 illicitum

6 365 45 393 ut
74 371 93 392 a
123 366 340 401 quocumque
370 355 522 396 portetur
553 348 646 382 arcal
686 347 747 378 Dei
780 345 844 376 nisi
878 354 897 375 a
926 341 1063 378 Levitis,
1094 349 1179 380 quos
1210 335 1311 377 elegit

0 405 98 438 ninus
122 402 164 434 ad
191 398 398 443 portandum
416 406 501 433 eam,
527 397 559 426 et
583 392 626 424 ad
652 387 921 422 ministrandum
949 384 1012 417 sibi
1030 393 1138 424 usque
1155 381 1191 412 in
1208 384 1312 412 aeter-

0 460 25 481 n.
70 448 98 479 3.
122 442 417 486 Congregavit‹11ue
433 439 633 471 universum
653 433 756 466 Israel
774 433 809 464 in
828 429 1028 464 Jerusalem,
1067 430 1104 458 ut
1134 425 1312 457 afferretur

0 491 85 525 iDei
102 490 139 521 in
156 489 269 520 locum
298 495 409 522 suum,
437 492 539 524 quem
567 478 829 522 praeparaverat
857 475 897 506 ei.
945 473 975 503 4.
1000 471 1140 502 Necnon
1168 472 1200 500 et
1229 466 1317 498 filios

0 547 56 574 on,
72 538 104 566 et
120 532 271 568 Levitas3
316 530 346 562 5.
371 528 411 559 de
436 526 516 557 filiis
540 523 660 559 Caath,
685 520 779 553 Uriel
798 519 954 561 princeps
971 515 1045 553 fuit,
1062 518 1094 545 et
1109 513 1228 544 fratres
1246 511 1316 551 ejus

0 583 67 612 tum
95 575 230 618 viginti.
277 574 305 605 6.
345 572 393 603 De
425 569 505 602 filiis
536 566 670 601 Merari,
701 564 805 596 Asai-a
832 562 1005 604 princeps;
1040 561 1073 589 et
1100 557 1217 588 fratres
1246 554 1317 595 ejus

0 622 68 655 enti
98 619 234 661 viginti.
281 618 308 650 7.
348 616 397 646 De
428 613 507 645 filiis
539 612 689 647 Gersom,
720 607 793 640 Joel
825 605 996 648 princeps3
1035 604 1067 633 et
1098 601 1215 631 fratres
1247 598 1317 638 ejus

0 671 68 699 tum
85 664 237 705 triginta.
284 662 312 692 S.
337 659 385 690 De
403 657 482 689 filiis
500 654 700 696 Elis-aphau,
722 650 869 683 Semeias
887 648 1053 690 princeps,
1069 648 1101 676 et
1117 645 1235 674 fratres
1247 641 1318 682 ejus

2 709 79 742 enti.
125 708 153 739 9.
179 706 228 738 De
256 703 336 736 filiis
364 701 517 737 Hebron,
545 697 632 730 Eliel
661 696 831 739 princeps:
859 696 889 724 et
915 692 1032 722 fratres
1050 689 1120 729 ejus
1137 686 1318 727 octoginta.

9 753 58 785 De
83 751 163 783 filiis
202 748 306 786 Oziel,
348 743 546 777 Aminadab
563 742 735 784 princeps:
760 742 792 770 et
819 737 937 768 fratres
953 734 1023 775 ejus
1040 735 1177 764 centum
1195 728 1320 761 duode-

6 823 11 829 .
56 797 105 827 11,
129 792 342 833 Vocavitque
361 788 473 821 David
490 786 607 821 sadoc,
633 788 665 816 et
690 781 860 814 Abiathar
885 777 1088 811 Sacerdotes,
1115 778 1147 806 et
1164 773 1319 809 Levitas,:

1 840 39 880 el,
55 838 204 873 Asaiam,
220 835 303 874 Joel,
319 832 497 869 Semefflm,
525 829 622 868 Ehel,
639 831 670 860 et
695 823 907 859 Aminadab:
954 822 1004 853 12.
1037 823 1069 851 et
1086 817 1175 850 dixit
1191 817 1234 848 ad
1251 826 1323 848 eos:

0 895 7 916 ς
35 883 94 925 qui
126 881 203 914 estis
230 878 401 921 principes
425 874 637 907 familiarum
670 869 913 905 Leviticarum,
944 861 1207 896 sanctificamini
1241 870 1320 892 cum

0 927 96 960 'sibus
122 924 251 961 vestris,
277 926 309 954 et
335 921 450 953 afferte
475 928 588 950 arcam
619 913 759 947 Domini
786 912 848 944 Dei
878 908 981 941 Israel
1009 907 1052 939 ad
1082 906 1194 937 locum
1212 903 1271 946 qui
1290 903 1320 934 ei

2 973 155 1013 eparatus
180 971 242 1005 est,
288 965 338 997 13.
374 974 416 995 ne
447 965 485 994 ut
516 972 535 993 a
566 958 745 1002 principio,
776 956 858 998 quia
890 964 959 985 non
991 951 1091 983 eratis
1119 950 1321 991 praesentes,

0 1014 98 1047 cussit
114 1023 174 1044 nos
192 1009 375 1046 Dominus,
400 1007 446 1039 sic
472 1009 504 1037 et
529 1014 621 1036 nunc
639 1003 708 1039 fiat,
735 999 896 1032 illicitum
914 995 999 1038 quid
1017 994 1114 1026 nobis
1131 991 1321 1034 agentibus

22 1054 228 1090 Sanctificati
256 1056 334 1085 sunt
363 1061 441 1092 ergo
469 1048 664 1084 sacerdotes,
696 1048 726 1077 et
759 1043 906 1079 Levitae,
938 1044 974 1072 ut
1007 1040 1181 1080 portarent
1207 1045 1323 1066 aream

0 1101 79 1134 mini
106 1099 167 1131 Dei
193 1096 307 1130 Israel.
354 1095 404 1127 15.
429 1094 472 1125 Et
499 1092 654 1124 tulerunt
670 1089 733 1121 filii
751 1087 833 1119 Levi
851 1095 964 1117 arcam
988 1082 1060 1119 Dei,
1088 1081 1175 1112 sicut
1192 1089 1323 1121 praece-

0 1149 35 1177 ἐἰ
49 1142 293 1185 Moysesjuxta
318 1138 460 1171 verbum
482 1135 623 1167 Domini
640 1131 794 1164 humeris
805 1130 874 1161 suis
890 1129 925 1159 in
945 1126 1105 1158 vectibus.
1138 1124 1187 1155 16.
1213 1122 1323 1153 Dixit-

0 1199 9 1221 3
33 1187 142 1220 David
170 1183 383 1228 principibus
414 1180 624 1216 Levitarum,
651 1180 689 1208 ut
717 1174 960 1207 constituerent
991 1170 1032 1201 (le
1063 1167 1223 1200 fratribus
1255 1165 1324 1197 suis

0 1235 92 1264 [tores
107 1231 144 1262 in
161 1228 298 1270 organis
315 1225 534 1261 musicorum,
560 1221 672 1253 nablis
689 1218 857 1255 videlicet,
882 1220 913 1248 et
935 1214 1028 1256 lyris,
1046 1216 1077 1244 et
1093 1210 1268 1253 cymbalis,
1287 1213 1324 1240 ut

0 1278 110 1308 onaret
140 1274 177 1305 in
209 1270 348 1304 excelsis
378 1268 509 1300 sonitus
540 1265 696 1297 laetitiae.
744 1264 793 1294 17.
818 1259 1145 1298 Constitueruntque
1173 1253 1321 1285 Levitas:

0 1329 80 1351 :man
115 1317 226 1349 filium
254 1314 337 1351 Joel,
363 1316 394 1344 et
420 1312 460 1343 de
486 1309 647 1342 fratribus
672 1308 742 1348 ejus
769 1304 884 1345 Asaph
912 1302 1023 1333 filium
1051 1298 1251 1331 Barachiae:
1283 1296 1324 1327 de

0 1363 25 1394 is
48 1372 126 1394 vero
153 1359 286 1397 Merari,
312 1356 474 1389 fratribus
496 1364 628 1386 eorum:
654 1351 768 1383 Ethan
787 1349 899 1380 filium
917 1345 1063 1377 (ss'asaiae.
1111 1343 1160 1374 18.
1186 1341 1226 1372 Et
1246 1350 1325 1372 cum

8 1405 123 1438 fratres
142 1414 274 1436 eorum:
300 1402 335 1432 in
362 1398 509 1432 secundo
535 1397 664 1433 ordine,
691 1392 902 1427 Zachariam,
919 1393 950 1421 et
967 1387 1066 1426 Ben‚²
1090 1390 1121 1418 et
1137 1384 1271 1422 Jaziel,3
1294 1387 1327 1415 et

0 1448 182 1487 niramoth,
213 1450 245 1478 et
275 1444 399 1481 Jahiel,
430 1446 461 1474 et
493 1441 572 1479 Ani,
610 1438 719 1476 Eliab,
751 1440 783 1468 et
814 1434 992 1469 Banaiam,
1024 1435 1055 1463 et
1087 1429 1264 1465 Maasiam,
1296 1430 1329 1458 et

0 1492 185 1530 ithathiam,
202 1494 234 1522 et
250 1487 425 1530 Eliphalu,
442 1490 473 1517 et
490 1484 692 1521 Maceniam,
706 1485 737 1513 et
751 1478 957 1513 Obededom,
974 1480 1006 1508 et
1022 1474 1142 1511 Jehiel‚
1155 1473 1329 1514 janitores,

0 1562 2 1568 .
37 1537 138 1568 Porro
169 1537 330 1569 cantores,
370 1531 517 1566 Heman,
557 1526 684 1568 Asaph,
716 1528 747 1556 et
780 1523 909 1558 Ethan,
948 1521 985 1551 in
1018 1517 1184 1561 cymbalis
1216 1515 1328 1547 aeneis

0 1582 193 1621 acrepantes.
239 1577 288 1608 ⁴20.
314 1574 493 1607 Zacharias
510 1575 635 1608 autem,
661 1573 692 1601 et
718 1567 820 1606 Oziel,
846 1570 877 1598 et
899 1561 1139 1599 Semiramoth,
1157 1564 1189 1592 et
1205 1557 1330 1595 jahiel,

1 1623 77 1662 Ani,
103 1626 134 1654 et
160 1621 269 1659 Eliab,
297 1623 329 1651 et
357 1617 511 1651 Maasias,
539 1619 570 1647 et
599 1613 745 1645 Bau-aias
771 1612 806 1643 in
835 1609 947 1641 nablis
976 1616 1100 1638 arcana
1117 1601 1329 1636 cantabant.⁴

0 1689 6 1694 -
25 1666 126 1698 Porro
143 1663 362 1701 Mathathias,
379 1665 410 1693 et
428 1659 603 1702 Eliphalu,
629 1662 660 1689 et
685 1655 867 1691 Macenias,
889 1656 920 1684 et
937 1649 1144 1685 Obededom,
1161 1651 1193 1679 et
1209 1645 1332 1683 -Jehiel,

13 1709 142 1748 ozaziu,
168 1709 204 1740 in
230 1706 370 1739 citharis
394 1715 454 1747 pro
480 1707 598 1735 octava
624 1700 791 1732 canebant
818 1694 1018 1739 epinicion.⁵
1064 1693 1113 1724 22.
1138 1689 1332 1723 Chonenias

0 1755 67 1786 ,tem
103 1753 258 1795 princeps
297 1749 506 1786 Levitarum,
547 1744 745 1788 prophetiae
783 1743 946 1783 praeerat,
984 1738 1027 1769 ad
1066 1733 1333 1778 praecinendam

0 1795 168 1829 elodiain:⁶
192 1798 262 1827 erat
289 1793 416 1835 quippe
444 1791 544 1823 valde
569 1789 711 1830 sapiens.
759 1786 808 1817 23.
839 1785 883 1816 Et
909 1781 1102 1815 Barachias,
1130 1782 1162 1810 et
1190 1777 1332 1809 Elcana:

0 1839 112 1873 nitores
142 1850 245 1871 arcae.
292 1838 341 1869 24.
381 1836 484 1867 Porro
515 1832 684 1867 sebenias,
723 1834 754 1862 et
792 1827 965 1869 Josaphat,
1004 1828 1034 1856 et
1067 1820 1270 1857 Nathanael,
1301 1823 1335 1850 et

0 1883 104 1922 masau,
120 1886 152 1915 et
168 1881 358 1917 Zacharias,
375 1883 406 1911 et
424 1877 580 1915 BanaiaS,
597 1880 628 1908 et
645 1875 775 1906 Eliezer
800 1871 995 1907 sacerdotes,
1023 1866 1228 1908 clangebant
1243 1863 1335 1895 tubis

0 1937 69 1975 ill-*am
107 1937 183 1958 arca
222 1925 298 1956 Dei:
344 1927 376 1955 et
422 1921 627 1957 Obededom,
673 1922 705 1950 et
743 1916 859 1949 Jehias
898 1917 994 1946 erant
1027 1911 1192 1951 janitores
1231 1917 1336 1939 arcae.

0 1981 14 2003 'a
30 1969 143 2012 ,Igitur
170 1968 282 2001 David
308 1970 340 1999 et
367 1976 484 1998 omnes
511 1964 652 2002 maiores
677 1964 762 1993 natu
791 1958 904 1993 Israel.
936 1961 967 1988 et
994 1955 1126 1987 tribuni
1152 1953 1267 1984 ierunt
1294 1949 1338 1981 ad

0 2013 202 2056 §portandam
229 2021 341 2044 arcam
367 2009 510 2041 foederis
538 2005 677 2038 Domini
704 2005 744 2036 de
770 2004 871 2035 domo
889 1999 1085 2033 Obecledom
1103 2007 1181 2029 cum
1199 1994 1338 2027 laetitia.

0 2055 16 2089 32
46 2056 198 2106 Cumque
228 2054 413 2096 adjuvisset
444 2052 534 2084 Deus
562 2048 723 2087 Levitas,⁷
759 2047 818 2089 qui
847 2044 1029 2088 portabant
1056 2051 1168 2073 arcam
1198 2037 1341 2070 foederis

0 2100 112 2139 ommi,
142 2098 412 2131 immolabantur
443 2099 569 2136 septem
602 2092 702 2131 tauri,
741 2095 773 2122 et
810 2092 935 2131 septem
974 2087 1102 2118 arietes.
1150 2084 1199 2115 27.
1238 2082 1342 2113 Porro

0 2142 76 2176 *avid
92 2146 163 2176 erat
182 2142 344 2174 inductus
367 2139 453 2171 stola
477 2136 642 2180 byssina,8
672 2140 704 2167 et
734 2132 886 2166 universi
914 2130 1051 2162 Levitae
1075 2127 1134 2170 qui
1159 2125 1343 2169 portabant

0 2195 87 2236 main,
113 2189 332 2227 cantoresque
359 2187 391 2215 et
418 2181 611 2214 Chonenias
638 2179 795 2221 princeps
820 2174 1019 2218 prophetiae
1044 2173 1133 2203 inter
1159 2166 1343 2202 cantores:⁹

0 2229 78 2262 lavld
94 2234 205 2261 autem
223 2229 325 2260 etiam
342 2227 485 2259 inclutus
510 2228 581 2257 erat
607 2222 717 2264 ephod
743 2221 843 2253 lineo.
890 2219 939 2250 28.
965 2217 1222 2255 Universusque
1239 2210 1344 2243 Israel

0 2267 13 2294 Β
35 2273 176 2305 ucebant
192 2282 303 2304 arcam
322 2270 462 2302 foederis
480 2267 620 2300 Domini
638 2267 673 2299 in
687 2265 807 2307 jubilo,
824 2266 856 2295 et
872 2261 985 2294 sonitu
1002 2259 1178 2295 buccinae,
1195 2259 1227 2288 et
1243 2254 1345 2291 tubis,

2 2316 187 2359 mymbalis,
204 2319 235 2350 et
251 2314 372 2354 nablis,
389 2317 419 2346 et
437 2311 577 2346 citharis
594 2312 841 2351 concrepantes.
889 2306 938 2337 29.
963 2304 1118 2344 Cumque
1136 2298 1344 2343 pervenisset
